4809 5959
1928 508 2362 574 -332-

280 685 514 768 άδιος.
605 690 929 775 Θηλυκῶν
968 687 1044 755 δὲ
1082 683 1330 773 ὁμοίως
1364 682 1558 753 τύποι
1597 683 1725 752 εἰσὶ
1761 694 1968 770 τρεῖς,
2008 678 2043 751 6
2085 686 2180 763 είς
2216 708 2314 768 ις,
2352 678 2388 750 6
2429 687 2526 761 είς
2560 709 2674 767 ας,
2724 676 2759 749 6
2812 684 2907 760 εἰς
2941 704 3070 767 νη,
3119 672 3268 749 οἷον
3310 675 3442 748 ἀπὸ
3479 679 3853 767 Πριάμου
3889 684 4013 747 τοῦ

281 799 463 863 ἰδίου
515 792 763 880 πατρὸς
815 791 858 881 ἡ
911 791 1220 880 θυγάτηρ
1275 787 1487 859 αὐτοῦ
1537 790 1794 877 λέγεται
1841 795 2190 876 Πριαμίς
2236 789 2347 856 καὶ
2394 786 2796 876 Πριαμιάς
2849 787 2960 855 καὶ
3020 790 3453 874 Πριαμίνη·
3511 782 3665 855 ἰδοὺ
3721 788 3793 854 οἱ
3840 800 4016 874 τρεῖς

278 903 493 970 τύποι.
591 898 971 987 «Κτητικὸν
1024 901 1104 968 δέ
1156 900 1291 967 ἐστι
1354 897 1429 966 τὸ
1483 893 1616 965 ὑπὸ
1671 894 1798 984 τὴν
1849 898 2085 983 κτῆσιν
2136 894 2503 981 πεπτωκός,
2569 894 3203 981 ἐμπεριειλημμένου
3263 895 3387 961 τοῦ
3449 891 3796 981 κτήτορος,
3863 888 4011 961 οἷον

285 1004 631 1094 Νηλήϊοι
676 1009 934 1092 ἵπποι,
980 1002 1382 1092 Ἐκτόριος
1425 1001 1695 1091 χιτών,
1752 998 2277 1071 Πλατωνικὸν
2333 1005 2720 1088 βιβλίονν·
2797 995 2926 1067 άπὸ
2977 998 3101 1086 μὲν
3159 999 3481 1085 Νηλέως
3526 1002 3649 1067 τοῦ
3691 997 4010 1086 κτήτορος

281 1114 540 1201 λέγεται
576 1112 926 1201 Νηλήῑοι
962 1115 1209 1180 ἵπποι·
1257 1107 1387 1179 άπὸ
1432 1110 1505 1178 δὲ
1538 1107 1911 1196 Ἕκτορος
1944 1110 2067 1176 τοῦ
2102 1106 2423 1195 κτήτορος
2466 1107 2723 1194 λέγεται
2759 1103 3162 1193 Ἑκτόριος
3195 1104 3434 1193 χιτὼν
3468 1104 3578 1174 καὶ
3617 1102 4015 1195 Ἑκτόριος

283 1216 529 1305 οἶκος,
577 1216 1093 1297 Πλατωνικὸς
1138 1215 1427 1286 έλαιὼν
1469 1216 1580 1285 καὶ
1626 1214 1709 1285 τὰ
1756 1212 1971 1301 ὅμοια.
2063 1211 2557 1303 «Συγκριτικὸν
2622 1213 2704 1280 δέ
2752 1212 2889 1280 ἐστι
2941 1209 3018 1281 τὸ
3080 1209 3203 1299 τὴν
3260 1210 3611 1299 σύγκρισιν
3656 1217 3812 1299 ἔχον
3865 1209 4017 1292 ἑνὸς

281 1326 449 1415 πρὸς
475 1327 596 1394 ἕνα
626 1323 1007 1414 ὁμοιογενῆ,
1044 1321 1136 1405 ὥς
1157 1321 1490 1412 Ἀχιλλεὺς
1518 1321 1979 1412 ἀνδρειότερος
2006 1327 2318 1405 Αἴαντος,
2355 1314 2396 1407 ἢ
2427 1318 2579 1400 ἑνὸς
2606 1317 2770 1407 πρὸς
2796 1316 3087 1398 πολλοὺς
3115 1317 3538 1408 ἑτερογενεῖς,
3574 1315 3664 1400 ὦς
3685 1316 4018 1406 Ἀχιλλεὺς

282 1430 746 1522 ἀνδρειότερος
780 1435 919 1499 τῶν
953 1429 1205 1518 Τρώων
1218 1456 1269 1498 >.
1343 1428 1712 1517 Σύγκρισις
1751 1427 1831 1496 δέ
1861 1428 1998 1495 ἐστι
2028 1424 2227 1512 λόγος
2252 1422 2783 1509 άντεξεταστικὸς
2819 1427 2890 1494 ἐκ
2915 1426 3348 1513 παραθέσεως
3376 1426 3605 1513 ἑτέρου
3629 1422 4015 1512 προσώπου,

283 1539 598 1626 συνάγων
634 1541 725 1631 τῷ
762 1536 1428 1627 παραλαμβανομένφ
1464 1535 1540 1604 τὸ
1587 1540 1834 1623 μεῖζον·
1883 1536 2355 1619 συγκρίνοντες
2396 1530 2528 1622 γὰρ
2573 1530 2816 1620 μεταξὺ
2861 1535 2984 1601 τοῦ
3021 1541 3312 1611 Αἴαντος
3357 1531 3467 1599 καὶ
3512 1535 3635 1600 τοῦ
3672 1529 4018 1620 Ἀχιλλέως

281 1643 405 1732 τὴν
451 1643 772 1734 ἀνδρείαν
819 1642 1132 1730 ἑκάστου,
1175 1644 1457 1731 λέγομεν
1504 1638 1976 1731 ἀνδρειότερον
2021 1635 2145 1707 τὸν
2186 1636 2482 1727 Ἀχιλλέα
2526 1635 2618 1719 ὥς
2659 1635 3161 1727 ὑπερβάλλοντα
3205 1642 3286 1727 τῇ
3334 1636 3636 1728 ἀνδρείᾳ·
3683 1638 3939 1726 λέγεται
3977 1635 4013 1706 6

284 1750 407 1839 μὲν
460 1759 629 1832 Αἶας
678 1749 1018 1841 ἀνδρεῖος,
1076 1747 1111 1818 6
1170 1750 1245 1819 δὲ
1294 1746 1626 1837 Ἀχιλλεὺς
1680 1745 2143 1837 ἀνδρειότερος
2194 1743 2360 1812 κατὰ
2417 1743 2793 1833 σύγκρισιν·
2849 1741 3097 1832 ὁμοίως
3147 1745 3259 1813 καὶ
3316 1748 3386 1813 ol*
3439 1748 3658 1833 Τρῶες
3713 1741 4016 1832 ἀνδρεῖοι

282 1859 624 1943 λέγονται,
662 1854 1127 1943 ἀνδρειότερος
1165 1855 1241 1924 δὲ
1275 1882 1413 1924 των
1457 1854 1709 1944 Τρώων
1744 1851 1781 1924 6
1814 1850 2145 1941 ’Λχιλλεὺς
2178 1849 2343 1919 κατὰ
2380 1850 2753 1940 σύγκρισιν.
2825 1876 2858 1916 ‹
2877 1854 3029 1920 Των
3067 1850 3143 1920 δὲ
3179 1855 3619 1938 συγκριτικῶν
3652 1845 3851 1919 τύποι
3886 1852 4016 1919 εἰσὶ

282 1977 487 2051 τρεῖς,
535 1961 572 2033 6
620 1969 715 2045 εἰς
757 1990 1010 2069 τερος,
1058 1957 1207 2031 οἷον
1246 1958 1558 2050 ὀξύτερος
1591 1958 2033 2048 βραδύτερος,
2075 1958 2187 2026 καὶ
2235 1955 2270 2026 6
2308 1961 2404 2037 είς
2440 1983 2546 2026 ων
2581 1956 2922 2046 καθαρόν,
2970 1952 3120 2027 οἷον
3157 1963 3470 2045 βελτίων,
3514 1958 3626 2026 καὶ
3671 1955 3707 2026 6
3748 1962 3841 2038 είς
3880 1985 4016 2044 ων,

287 2063 438 2139 οἷον
480 2075 812 2159 κρείσσων
857 2067 1149 2158 ησσων».
1241 2066 1682 2157 Παράδειγμα
1728 2066 1805 2136 δὲ
1846 2066 2136 2150 τούτων,
2193 2060 2344 2134 οἶόν
2394 2068 2533 2135 ἐστι
2589 2062 2826 2152 ταχύς
2870 2066 3307 2195 πρωτότυπον
3357 2061 3723 2152 λεγόμενον
3773 2062 4016 2153 ονομα·

283 2175 693 2265 παράγωγον
739 2175 813 2244 δὲ
858 2172 1068 2244 αὐτοῦ
1113 2178 1373 2263 πρῶτος
1424 2174 1630 2255 τύπος
1663 2201 1801 2244 των
1846 2176 2288 2261 συγκριτικῶν
2344 2171 2705 2260 γενόμενος
2757 2171 3226 2261 ταχύτερο·ς
3266 2170 3576 2258 δεύτερος
3626 2170 3831 2252 τύπος
3881 2198 4019 2240 των

286 2286 732 2373 συγκριτικών
779 2288 1103 2371 ταχίων,
1156 2288 1378 2369 τρίτος
1420 2280 1626 2362 τύπος
1674 2285 1812 2350 τῶν
1859 2301 2301 2367 συγκριτικων
2354 2277 2696 2364 τάσσων,
2750 2279 2860 2347 καὶ
2904 2280 3116 2368 τροπῇ
3169 2281 3292 2347 τοῦ
3341 2292 3378 2348 ἲ
3434 2282 3528 2360 είς
3576 2287 3631 2346 θ
3674 2277 4018 2348 θάσσων.

285 2386 796 2478 «Ὗπερθετικὸν
834 2392 912 2459 δέ
946 2390 1082 2457 ἐστι
1118 2386 1196 2457 τὸ
1232 2386 1376 2456 κατ’
1411 2390 1711 2457 ἐπίτασιν
1749 2385 1901 2468 ἑνὸς
1925 2385 2092 2475 πρὸς
2116 2384 2407 2465 πολλοὺς
2431 2383 3126 2473 παραλαμβανόμενον
3154 2387 3231 2453 ἐν
3256 2390 3598 2474 συγκρίσει
3608 2409 3659 2455 ».
3689 2382 4021 2466 Ἐπίτασίς

287 2497 471 2564 ἐστιν
508 2495 718 2564 οἱονεὶ
765 2495 1103 2575 έπέκτασις
1139 2492 1285 2582 ἤτοι
1331 2492 1759 2583 μεγαλειότης
1802 2494 1956 2574 ἑνός
1988 2520 2175 2574 τινος
2207 2490 2648 2580 ὑπερέχοντος
2681 2489 2972 2573 πολλοὺς
3005 2493 3082 2560 ἐν
3117 2492 3570 2583 μεγαλοσύνῃ,
3615 2492 3727 2561 καὶ
3763 2494 4019 2579 λέγεται

287 2599 739 2690 ὖπερθετικῶς
784 2600 1332 2688 μεγαλώτατος
1375 2603 1486 2669 καὶ
1532 2601 1918 2689 μέγιστος.
2001 2596 2577 2688 «Ἳὶτοκοριστικὸν
2637 2598 2717 2666 δέ
2766 2600 2904 2666 ἐστι
2958 2596 3033 2667 τὸ
3089 2602 3365 2687 μείωσιν
3417 2603 3540 2669 τοῦ
3584 2600 4019 2688 πρωτοτύπου

286 2705 702 2796 άσυγκρίτως
746 2710 1064 2795 δηλοῦν».
1154 2706 1593 2795 Παράδενγμα
1641 2706 1717 2775 δὲ
1771 2703 1984 2774 αὐτοῦ
2037 2708 2219 2774 ἐστιν
2272 2703 2694 2793 ἅνθρωπος
2747 2703 3104 2793 λεγόμενος
3156 2707 3432 2792 τέλειος,
3485 2705 3889 2795 παράγωγον
3943 2706 4021 2776 δὲ

188 2804 201 2813 ”
289 2811 503 2883 αὐτοῦ
548 2811 624 2882 τὸ
672 2812 783 2881 καὶ
829 2810 1344 2903 ύποκοριστικόν
1389 2811 1990 2901 ἀνθρωπάριον·
2039 2810 2251 2892 οῦτως
2293 2811 2407 2879 καὶ
2450 2810 2531 2879 τὰ
2570 2809 2786 2898 ὅμοια.
2845 2811 3321 2899 (Παρώνυμον
3360 2815 3440 2882 δέ
3472 2816 3608 2882 ἐστι
3652 2811 3729 2882 τὸ
3776 2810 3932 2902 παρ’
3952 2811 4020 2882 ὄ-

294 2947 473 3008 νομα
517 2921 837 3007 ποιηθέν,
885 2913 1036 2989 οἷον
1072 2921 1289 2990 Θέων
1333 2918 1742 3010 Τρύφων»·
1788 2916 1920 2988 άπὸ
1959 2915 2090 3007 γὰρ
2127 2921 2249 2987 τοῦ
2284 2921 2483 2986 θεοῦ
2530 2916 2892 3006 παράγεται
2930 2917 3176 3005 Θέων,
3222 2918 3334 2986 καὶ
3380 2916 3513 2988 άπὸ
3557 2923 3676 3006 τῆς
3720 2924 4022 3008 τρυφῆς

298 3026 662 3116 Τρύφων·
721 3024 934 3108 οὕτως
987 3027 1099 3095 καὶ
1160 3025 1243 3115 τὰ,
1300 3023 1516 3114 ὅμοια.
1616 3012 2045 3113 «Ῥηματικὸν
2103 3024 2182 3093 δέ
2232 3027 2370 3093 ἐστι
2423 3022 2497 3093 τὸ
2563 3021 2695 3092 άπὸ
2752 3024 3044 3113 ῥήματος
3105 3026 3602 3114 παρηγμένονιιν
3674 3020 3823 3096 οἷον
3887 3023 4019 3095 άπὸ

290 3133 414 3221 μὲν
460 3137 581 3202 τοῦ
628 3138 829 3220 φιλῶ
877 3133 1168 3221 ῥήματος
1212 3131 1577 3221 παράγεται
1630 3131 2036 3220 Φιλήμων,
2081 3131 2194 3200 καὶ
2239 3128 2372 3199 άπὸ
2420 3134 2542 3199 τοῦ
2588 3135 2744 3199 νοῶ
2792 3130 3157 3219 Νοήμων.

610 3255 976 3345 «Σχήματα
1022 3262 1202 3345 τρία,
1250 3253 1513 3325 ἁπλοῦν
1559 3255 1894 3326 σύνθετον
1948 3254 2465 3344 παρασύνθετον
2477 3280 2525 3322 x.
2616 3251 2908 3323 Ἀπλοῦν
2954 3255 3077 3343 μὲν
3125 3247 3250 3324 οὖν
3297 3259 3432 3324 ἐστι
3479 3254 3555 3325 τὸ
3601 3255 3760 3325 καθ’
3812 3256 4008 3326 ἑαυτὸ

291 3361 518 3443 ἁπλῶς
562 3362 960 3450 λεγόμενον,
1010 3358 1159 3431 οἷον
1205 3361 1521 3451 χρυσός·
1568 3361 1905 3432 σύνθετον
1953 3362 2030 3432 δὲ
2073 3360 2148 3430 τὸ
2196 3363 2267 3430 ἐκ
2313 3360 2439 3430 δύο
2492 3359 2838 3447 ὀνομάτων
2886 3362 3404 3449 συντιθέμενον,
3461 3356 3610 3432 οἷον
3658 3363 4019 3449 Χρύσαν-

289 3479 462 3549 θος·
517 3468 594 3538 τὸ
648 3467 779 3558 γὰρ
835 3469 1127 3557 χρυσὸς
1183 3467 1398 3555 ὄνομα
1451 3465 1612 3536 καθ’
1674 3467 1871 3538 ἑαυτὸ
1926 3466 2191 3538 ἆπλοῦν
2246 3471 2412 3537 ἐστι·
2484 3469 2892 3537 συντεθέντα
2957 3468 3034 3537 δὲ
3096 3466 3443 3557 άμφότερα
3506 3467 3547 3538 ὅ
3599 3496 3668 3539 τε
3724 3469 4022 3561 χρυσὸς

614 3752 844 3809 DISCR.
886 3751 1032 3808 SCR.
1070 3751 1152 3808 IN
1187 3751 1468 3809 LHRKP
1543 3752 1576 3807 l
1615 3755 1746 3808 ante
1785 3752 2057 3822 Θηλυκῶν
2095 3752 2221 3808 add.
2260 3752 2578 3821 «Θηλνκῶν
2615 3752 2679 3808 δέ
2721 3750 2827 3808 εἰσι
2866 3759 3037 3822 τρεῖς,
3084 3748 3115 3807 6
3156 3751 3237 3816 εἰς
3271 3760 3326 3816 ἦ
3362 3785 3432 3795 -
3472 3749 3781 3824 νεώτεροι»
3824 3753 3881 3807 Ρ
3924 3754 3935 3826 Ι
3987 3751 4019 3810 6

296 3840 379 3906 εἰς
415 3863 467 3905 ις
502 3873 569 3884 ———
610 3862 679 3912 νη
718 3858 826 3898 om.
870 3840 927 3894 P
956 3843 977 3911 ΙΙ
1016 3841 1053 3896 2
1089 3836 1126 3911 ἡ
1162 3837 1425 3911 θυγάτηρ
1464 3836 1642 3896 αύτοῦ
1679 3858 1789 3896 om.
1826 3841 1893 3895 K
1911 3844 1932 3911 n
1965 3841 2003 3896 8
2040 3836 2225 3897 τύποι.
2285 3835 2398 3895 άπὸ
2439 3839 2504 3896 δὲ
2544 3841 2799 3912 μητέρων
2836 3836 2904 3897 ού
2945 3844 3264 3913 σχηματίζει
3299 3844 3434 3897 RK
3457 3846 3469 3911 Ι
3499 3840 3588 3913 δὲ]
3626 3843 3732 3914 μὲν
3760 3844 3849 3913 ΡΙ
3879 3839 4016 3916 ὑπὸ]

292 3930 424 4000 περὶ
461 3931 528 3985 Η
553 3932 563 3998 Ι
597 3925 962 3992 ἕωπεπτωκός
999 3929 1094 4000 Pss
1118 3930 1157 3985 4
1193 3931 1359 4002 Νηλ.]
1396 3926 1579 4000 νήλιοι
1615 3930 1669 3985 L
1705 3926 1928 4000 νήλειος
1961 3930 2026 3984 Η
2061 3931 2224 3984 εἱλιοι
2261 3928 2351 3999 P}
2382 3929 2553 3994 ἵππος
2587 3931 2658 3985 Η
2680 3934 2688 3999 Ι
2729 3931 2897 4002 χιτῶν
2925 3930 2991 3986 αἲ
3015 3933 3171 3996 οἶκος
3196 3931 3293 3987 καὶ
3324 3935 3425 3987 Πλ.
3465 3935 3513 4005 β.
3547 3933 3640 4003 ΡΙ
3672 3934 3888 4004 βιβλίον
3923 3933 4022 3988 καὶ

287 4015 610 4089 Ἐκτόρειος
662 4019 831 4082 ἵππος
880 4018 952 4074 H
997 4022 1017 4090 ΙΙ
1069 4019 1106 4075 5
1157 4015 1401 4089 Νηλήϊοι
1452 4050 1519 4060 -
1571 4016 1794 4088 λέγεται
1849 4035 1959 4074 om.
2009 4019 2060 4073 R
2109 4022 2118 4086 Ι
2165 4018 2267 4073 τοῦ
2319 4014 2585 4088 κτήτορος
2636 4036 2744 4077 om.
2795 4019 2927 4075 RK
2959 4022 2969 4090 Ι
2999 4018 3220 4090 λέγεται
3270 4038 3376 4077 om.
3428 4021 3496 4076 K
3538 4025 3547 4091 Ι
3597 4020 3695 4076 καὶ
3736 4016 4023 4091 Ἐκτόριος

294 4104 452 4171 οἶκος
488 4122 597 4163 om.
636 4108 705 4162 H
713 4107 769 4161 P
800 4108 821 4176 ΙΙ
854 4107 893 4162 6
931 4109 1105 4162 Πλατ.
1145 4102 1248 4178 ἐλ.]
1288 4104 1658 4162 Πλατωνικὸν
1695 4107 1911 4180 βιβλίον
1952 4105 2046 4175 ΡΙ
2077 4103 2168 4178 δὲ]
2207 4107 2313 4177 μὲν
2353 4106 2447 4175 ΡΙ
2477 4103 2581 4176 τὴν
2618 4123 2729 4162 om.
2766 4107 2836 4161 H
2860 4111 2869 4176 Ι
2903 4102 3032 4171 ἑνὸς
3067 4125 3175 4164 om.
3215 4109 3283 4163 H
3309 4111 3330 4178 fl
3368 4111 3399 4164 7
3440 4105 3683 4180 ὁμογενῆ
3725 4111 3790 4182 P,
3831 4106 4023 4183 ὁμοιο-

292 4191 470 4265 γενήν
507 4195 559 4250 L
590 4199 599 4264 Ι
630 4190 1035 4265 ἀνδρειότατος
1070 4194 1122 4250 L
1154 4196 1164 4264 Ι
1195 4191 1270 4258 ὥς
1309 4191 1340 4251 6
1375 4190 1526 4266 Ἅχιλ.
1565 4195 1692 4249 ΗΡ
1721 4198 1742 4266 ΙΙ
1780 4196 1816 4250 8
1853 4192 2042 4268 άνδρ.]
2082 4190 2438 4265 ἰσχυρότερος
2473 4195 2541 4249 H
2565 4198 2573 4263 Ι
2604 4193 2932 4268 προσώπου]
2971 4192 3283 4266 ἀνθρώπου
3324 4197 3381 4251 Ρ
3414 4200 3435 4267 fl
3475 4199 3514 4252 9
3548 4199 3625 4269 τῷ
3664 4199 3876 4269 μείζονι
3911 4199 3968 4254 R
4006 4200 4022 4271 ‚l

298 4283 371 4339 12
409 4278 571 4353 άνδρ.
611 4283 673 4340 δὲ
713 4284 824 4339 τῶν
866 4284 957 4355 Τ.]
994 4278 1210 4339 τούτων
1261 4282 1325 4339 δὲ
1364 4280 1758 4354 ἀνδρειότερος
1795 4284 1864 4338 H
1899 4286 1920 4355 ΙΙ
1965 4283 2039 4339 18
2077 4280 2421 4355 βραδύτερος
2456 4300 2564 4340 om.
2605 4284 2662 4339 P
2698 4284 2708 4357 Ι
2754 4284 2851 4340 καὶ
2887 4288 3016 4356 post
3054 4287 3214 4357 βραδ.
3254 4302 3361 4341 om.
3400 4284 3457 4340 R
3507 4286 3516 4352 Ι
3566 4281 3596 4341 6
3634 4287 3722 4341 bis
3760 4304 3865 4342 om.
3906 4289 3974 4343 H
4009 4288 4017 4361 ἶ

298 4373 518 4447 βελτίον
552 4373 780 4427 καλλίον
821 4372 877 4428 Ρ
904 4376 913 4445 Ι
947 4378 1027 4429 ὧῖν
1062 4372 1141 4426 Lx
1178 4376 1250 4427 ἵν*
1285 4371 1360 4442 P,
1396 4377 1521 4428 W
1563 4372 1714 4442 RK,
1753 4392 1902 4429 σσων
1940 4372 2009 4428 H
2026 4374 2048 4443 ΙΙ
2075 4372 2150 4429 14
2185 4368 2556 4444 πρωτότυπον
2591 4368 2675 4429 ὅν.
2713 4369 2889 4444 ταχύς
2922 4374 2990 4429 Κ
3007 4375 3029 4443 ΙΙ
3065 4373 3138 4429 15
3175 4370 3515 4445 γενόμενους
3551 4405 3618 4415 —-
3657 4378 4023 4446 συγκριτικῶν

294 4478 405 4517 om.
444 4460 629 4516 ΕΗΒ
653 4462 673 4531 ΙΙ
700 4461 776 4516 16
809 4463 1020 4531 ταχίων
1058 4491 1125 4502 -
1163 4462 1530 4530 συγκριτικῶν
1566 4479 1674 4518 om.
1703 4461 1762 4518 R
1790 4466 1801 4530 1
1832 4462 1930 4518 καὶ
1956 4463 2159 4536 τροπῇ]
2188 4463 2514 4536 κατατροπῇ
2552 4462 2618 4519 δὲ
2646 4463 2714 4518 Κ
2738 4464 2749 4535 Ι
2778 4460 3011 4519 θάσσων
3039 4479 3145 4519 om.
3177 4463 3272 4533 Pss
3298 4462 3368 4519 17
3407 4466 3537 4534 poet
3574 4466 3859 4534 συγκρίσει
3891 4464 4022 4522 add.

293 4547 506 4605 «τύποι
535 4546 600 4605 δὲ
631 4544 809 4605 αῦτοῦ
839 4549 945 4605 εἰσι
974 4547 1108 4620 δύο,
1145 4546 1177 4605 6
1206 4548 1285 4613 είς
1322 4568 1487 4612 τατος
1515 4549 1636 4607 οἷον
1666 4548 1996 4620 ὀξύτατος
2032 4548 2488 4624 βραδύτατος,
2526 4551 2622 4607 καὶ
2650 4546 2680 4608 6
2713 4549 2794 4614 εἰς
2820 4557 2914 4613 ἱεῖς
2942 4551 3064 4608 οἷον
3090 4548 3371 4623 ἄριστος
3406 4552 3791 4623 μέγιστος».
3823 4547 4021 4625 ’Τπερ-

293 4638 542 4701 θετικῶς
572 4639 672 4709 ΡΙΙ
699 4637 774 4694 18
801 4636 1063 4711 πολλοὺς]
1099 4634 1254 4703 τινὸς
1284 4639 1383 4710 Pu
1409 4640 1485 4696 19
1511 4643 1609 4697 καὶ
1636 4643 1892 4713 μέγιστος
1922 4660 2029 4700 om.
2067 4643 2125 4696 P
2142 4644 2162 4713 fl
2188 4641 2264 4699 20
2298 4643 2432 4712 posss
2469 4642 2679 4712 δηλοῦν
2708 4641 2836 4697 add.
2876 4640 3042 4699 «οἷον
3078 4637 3492 4713 ἀνθρωπίσκος,
3526 4642 3715 4713 λίθαξ,
3754 4645 4023 4713 ιωρακίλ-

293 4729 464 4782 nov>
504 4726 603 4796 Pu
628 4726 703 4783 21
742 4720 922 4790 οὕτως
958 4746 1067 4784 om.
1110 4728 1204 4798 ΡΙ
1237 4729 1308 4784 ad
1345 4724 1515 4799 ὅμοια
1552 4730 1740 4790 adnot.
1778 4730 1840 4787 in
1874 4750 2013 4804 mg.=
2051 4733 2192 4788 «hoc
2227 4734 2340 4788 ῖοοο
2377 4732 2726 4789 inserendum
2761 4732 3190 4801 supplementum
3224 4748 3292 4786 ex
3319 4732 3433 4786 Me.
3474 4730 3598 4787 Vat.
3626 4735 3835 4800 1356»,
3875 4732 4023 4801 quod

294 4815 356 4870 in
384 4815 495 4870 fine
529 4814 702 4871 totius
731 4816 1176 4873 commentarioli
1202 4817 1482 4874 adiectum
1510 4822 1598 4877 est
1623 4822 1699 4892 (p.
1728 4826 1834 4877 320
1862 4816 2195 4893 Ῥηματικὸν
2226 4850 2293 4861 ·—
2322 4814 2493 4890 ὅμοια
2519 4820 2618 4893 34,
2641 4820 2737 4891 14)
2776 4820 2844 4874 H
2867 4822 2876 4889 Ι
2910 4814 3139 4889 Παρῶν.
3165 4850 3233 4860 --
3263 4813 3434 4890 ὅμοια
3473 4837 3581 4877 om.
3613 4820 3682 4874 H
3700 4823 3721 4890 Ι
3745 4820 3819 4876 28
3848 4814 4024 4885 οὕτως

295 4934 369 4943 -
405 4897 575 4974 ὅμοια
611 4921 721 4959 om.
760 4905 850 4974 ΡΙ
882 4902 1005 4961 οἷον
1043 4902 1303 4977 φιλήμων
1338 4903 1586 4980 νοήμων.
1648 4905 1762 4965 άπὸ
1799 4911 1865 4966 K
1872 4909 1990 4966 PR
2021 4914 2030 4980 Ι
2062 4904 2175 4965 άπὸ
2212 4907 2318 4980 μὲν
2357 4941 2424 4951 ·—
2459 4904 2775 4979 παράγεται
2813 4926 2922 4964 om.
2962 4909 3025 4963 H
3048 4910 3069 4979 ὓ
3094 4907 3172 4964 24
3205 4906 3521 4980 παράγεται
3561 4905 3845 4982 Φιλήμων]
3883 4901 3951 4965 οὗ
3988 4905 4021 4965 6

297 4992 512 5065 μέλλων
550 4988 795 5064 φιλήσω,
840 4990 872 5049 6
920 4996 1338 5066 παρακείμενος
1372 4998 1686 5067 πεφίληκα,
1735 4993 1765 5053 6
1811 4996 2134 5069 παθητικὰς
2178 5001 2495 5070 πεφίλημαι
2537 4997 2634 5054 καὶ
2682 4994 2742 5067 ἐξ
2788 4996 2968 5055 αὐτοῦ
3008 4996 3265 5070 φιλήμων
3301 4999 3369 5054 Κ
3418 5002 3427 5069 Ι
3475 4998 3574 5054 καὶ
3618 4994 3734 5054 άπὸ
3771 4999 3872 5055 τοῦ
3910 5000 4023 5055 νοῶ

295 5098 408 5137 om.
448 5080 518 5135 H
552 5084 573 5153 n
618 5081 693 5139 25
741 5085 868 5153 post
914 5100 1072 5153 σχημ.
1121 5084 1249 5140 add.
1299 5084 1361 5140 δὲ
1400 5085 1488 5155 Η,
1534 5083 1597 5140 δὲ
1647 5080 1942 5157 ὀνομάτων
1979 5086 2086 5144 εἰσὶ
2134 5087 2221 5159 (δὲ
2262 5105 2371 5144 οιιι.
2423 5087 2632 5157 P)RP
2676 5090 2686 5159 ι
2734 5090 2865 5159 post
2910 5084 3233 5158 παρασύνθ.
3281 5088 3408 5144 add.
3457 5081 3720 5143 «ἁπλοῦν
3757 5086 3864 5159 μὲν
3900 5086 4023 5143 οἷον

297 5169 551 5243 Μέμνων
589 5201 657 5212 -
698 5172 1081 5241 Φιλιππίδης»
1123 5172 1180 5226 Ρ
1219 5176 1239 5244 ll
1284 5174 1361 5229 26
1397 5176 1642 5245 συντιθ.]
1681 5178 2045 5248 συγκείμενον
2082 5177 2152 5232 H
2186 5180 2207 5248 ΙΙ
2251 5176 2323 5234 27
2364 5172 2574 5247 άμφότ.
2615 5208 2681 5220 -
2719 5172 2940 5248 χρυσός]
2981 5173 3046 5232 τὸ
3084 5172 3287 5247 χρυσὸς
3323 5172 3506 5247 ὄνομα
3541 5176 3599 5230 Ρ

3566 5290 3599 5341 5

4050 1121 4083 1170 5

4057 1653 4124 1702 10

4058 2184 4123 2234 15

4057 2718 4126 2768 20

4057 3268 4126 3317 25
