4809 5959
1955 500 2345 566 ..5-

1855 730 2107 788 Barocc.
2143 728 2257 785 fol.
2296 728 2372 783 10
2382 743 2440 785 r.

997 893 1764 906 ———————
1816 856 1965 924 Duo
2012 878 2263 942 verane,
2308 855 2420 920 ubi
2459 855 2755 942 singulae
2798 892 2872 902 —-
2910 891 2986 902 —
3029 892 3103 902 —
3140 892 3222 903 —
3254 893 3339 903 —
3373 893 3455 905 —
3484 894 3568 905 —
3601 896 3687 905 —
3721 894 3795 904 —
3837 894 3912 905 -

975 1000 1057 1011 —
1096 1000 1652 1011 —————
1688 968 1943 1031 tantum
1988 963 2243 1030 litterae
2289 962 2422 1048 legi
2467 966 2743 1048 possunt
2781 998 3333 1010 —————
3365 1001 3443 1045 „—
3475 1002 3565 1013 --
3595 1002 3676 1013 —-
3712 1002 3788 1012 —
3830 1000 3914 1012 —

280 1085 388 1140 Hic
425 1084 582 1141 scida
618 1085 792 1141 trian-
956 1107 1040 1119 —
1070 1108 1155 1119 —
1185 1107 1270 1121 -—
1309 1067 1383 1137 τὸ
1435 1067 1510 1136 δὲ
1544 1080 1751 1149 ποῖος
1772 1068 1971 1136 παντὶ
2018 1067 2301 1157 ἐπιθέτῳ
2345 1065 2524 1153 πλὴν
2566 1070 2703 1135 τῶν
2747 1063 2912 1133 κατὰ
2960 1071 3338 1152 σωματικοῦ
3371 1106 3911 1120 —————

280 1176 417 1246 811¹ss
437 1174 797 1246 888111ῶὸῒῦ
945 1215 1019 1225 -
1069 1216 1145 1226 -
1195 1216 1269 1226 -
1311 1176 1644 1264 μεγέθους
1686 1172 1762 1244 τὸ
1807 1178 2140 1255 ποδαπῶς.
2222 1174 2327 1242 ἐπὶ
2383 1179 2634 1254 ἔθνους
2679 1173 2789 1241 καὶ
2838 1175 3035 1242 τοῦτο
3089 1172 3293 1242 πάλιν
3337 1172 3461 1263 χρὴ
3508 1176 3757 1243 εἰδέναι
3814 1173 3919 1245 ὅτι

281 1266 384 1333 ⁰⁸¹³⁹
420 1266 484 1318 ¹²¹³
519 1264 743 1364 'RPple'
923 1320 1000 1332 —
1020 1321 1105 1333 —
1136 1278 1413 1370 ἀόριστα
1441 1287 1694 1369 γίνεται
1722 1273 1898 1369 ἦλθέ
1918 1308 2018 1361 τις
2042 1281 2153 1349 καὶ
2180 1284 2314 1349 ποῦ
2342 1285 2479 1348 ἔστι
2505 1280 2616 1347 καὶ
2643 1283 2734 1367 πῆ
2764 1276 3044 1365 ἀπῆλθε.
3106 1279 3201 1347 Τὰ
3241 1279 3315 1348 δὲ
3355 1282 3725 1368 δισύλλαβα
3751 1282 3916 1351 κατὰ

279 1351 593 1511 ἒῗέσξῗξι
902 1387 1014 1455 καὶ
1058 1387 1373 1476 ποσότης·
1435 1389 1547 1456 καὶ
1583 1386 1687 1458 ὅτι
1732 1386 1811 1457 τὰ
1858 1387 2230 1474 δισύλλαβα
2273 1386 2385 1455 καὶ
2432 1385 2840 1475 τρισύλλαβα
2883 1383 3351 1473 ἀποβάλλοντα
3386 1386 3461 1457 τὸ
3507 1386 3651 1457 κατ’
3703 1385 3917 1477 ἀρχὴν

280 1529 492 1585 avulsa,
886 1488 1028 1575 οἷος
1071 1489 1279 1576 πόσος
1325 1493 1483 1576 ὅσος
1524 1500 1801 1583 πηλίκος
1844 1492 2073 1583 ἡλίκος
2106 1508 2288 1575 τοῖος
2331 1488 2500 1574 οἶος·
2553 1493 2729 1573 τινὲς
2774 1493 2849 1562 δὲ
2893 1494 3004 1561 καὶ
3049 1492 3122 1563 τὸ
3169 1499 3206 1563 ὃ
3253 1491 3396 1562 κατ’
3438 1492 3655 1582 ἀρχὴν
3698 1500 3917 1581 λαμβα

866 1599 948 1668 τὰ
996 1600 1070 1669 δὲ
1115 1601 1543 1690 λαμβάνοντα
1580 1597 1730 1670 κατ’
1772 1597 1985 1689 ἀρχὴν
2027 1601 2102 1670 τὸ
2149 1607 2187 1668 ἱ
2232 1597 2721 1670 ἀνταποδοτικὰ
2775 1605 3060 1687 γίνεται,
3108 1598 3266 1681 ὅσος
3307 1600 3508 1682 τόσος
3553 1596 3696 1683 οἷος
3740 1615 3919 1682 τοῖος

848 1734 1075 1795 αγεται
1103 1708 1179 1777 δὲ
1207 1706 1321 1777 διὰ
1349 1734 1545 1789 ουτος
1569 1711 1956 1796 τηλικοῦτος
1982 1709 2094 1776 καὶ
2115 1709 2548 1777 ἐπεκτείνεται
2570 1705 2681 1775 διὰ
2698 1710 2822 1776 τοῦ
2846 1695 2944 1793 δῖ,
2968 1705 3235 1776 τοιόσδε
3259 1706 3542 1777 τοσόσδε
3568 1707 3917 1796 τηλικόσδε

829 1812 1195 1903 λεγόμενον
1238 1813 1312 1884 τὸ
1370 1812 1689 1903 ἀόριστον
1742 1817 2060 1894 ἐναντίως
2113 1819 2289 1901 ἔχειν
2340 1817 2433 1904 τῷ
2489 1816 2869 1906 ἐρωματικῷ
2914 1820 3113 1901 φησί,
3165 1814 3341 1884 καθὸ
3399 1812 3436 1884 ὁ
3481 1814 3606 1903 μὲν
3651 1817 3919 1904 ἐρωτῶν

813 1918 1130 2009 ἀόριστον
1193 1919 1464 2009 ἀναιρεῖ
1518 1920 1642 1990 τὸν
1702 1920 1995 1991 θέλοντά
2064 1948 2128 1991 τι
2192 1916 2371 2012 αὐτῷ
2436 1917 2823 2008 ὁρισθῆναι,
2895 1915 2936 2008 ἢ
3008 1920 3186 1991 καθὸ
3261 1924 3528 2009 ἐρωτῶν
3602 1921 3914 2009 γινώσκει

795 2025 871 2096 τὸ
899 2026 1025 2116 μὲν
1053 2026 1236 2109 ὅστις
1262 2027 1389 2098 δύο
1419 2030 1586 2117 με’ρη
1614 2027 1826 2116 λόγου
1852 2034 1983 2116 ἔχει
2012 2024 2291 2114 ἀόριστα
2317 2025 2392 2095 τὸ
2424 2013 2504 2108 ὸς
2523 2026 2634 2095 καὶ
2661 2024 2738 2095 τὸ
2764 2033 2894 2112 iffi,
2929 2025 3005 2096 τὸ
3036 2027 3110 2096 δὲ
3138 2024 3371 2107 ὸποῑος
3395 2027 3505 2095 καὶ
3533 2024 3780 2108 ὁπόσος
3805 2028 3917 2095 καὶ

776 2159 901 2221 μεν
926 2131 1307 2224 ἀναφορικά
1333 2138 1540 2204 ἐστιν·
1570 2132 1845 2204 ἔσθ’ὅτε
1873 2135 1948 2204 δὲ
1967 2131 2117 2203 ἀντὶ
2136 2137 2259 2202 τοῦ
2278 2132 2598 2221 ἀορίστου
2617 2129 2784 2201 αὐτὰ
2803 2131 3915 2223 παραλαμβάνονται.Ἀναφορικὸν

759 2241 1037 2327 ματικὸν
1099 2243 1211 2310 καὶ
1275 2239 1607 2311 δεικτικὸν
1668 2241 1779 2310 καὶ
1844 2238 2373 2330 ἀνταποδοτικὸν
2433 2246 2759 2325 καλεῖται,
2819 2238 2894 2308 τὸ
2961 2238 3287 2329 ὁμοίωσιν
3349 2254 3696 2328 σημαῖνον.

1807 2434 1998 2492 vatic.
2037 2434 2154 2491 240
2188 2435 2299 2492 fol.
2336 2436 2482 2491 aer.

1261 2560 1343 2629 τὰ
1390 2561 1465 2630 δὲ
1513 2563 1883 2646 δισύλλαβα
1927 2557 2091 2627 κατὰ
2115 2613 2658 2628 ...........
2684 2554 2924 2647 (ἦχος)
2938 2560 2988 2650 ¹)
3034 2559 3145 2628 καὶ
3189 2558 3495 2647 ποσότης.
3546 2561 3658 2629 καὶ
3695 2556 3798 2629 ὅτι
3833 2558 3916 2629 τὰ

1266 2665 1634 2753 δισύλλαβα
1740 2668 1853 2735 καὶ
1950 2664 2357 2755 τρισύλλαβα
2467 2658 2926 2752 ἀποβάλλοντα
3022 2663 3097 2733 τὸ
3213 2662 3361 2734 κατ’
3455 2662 3672 2754 ἀρχὴν
3779 2670 3915 2755 (ἱ)

1276 2827 1769 2844 .......
1823 2777 2097 2862 (ποῖος)
2145 2767 2305 2852 οἶος.
2381 2772 2588 2854 πόσος
2633 2770 2806 2853 ὅσος.
2886 2778 3163 2860 πηλίκος
3205 2769 3450 2860 ἡλίκος.
3531 2787 3714 2855 τοτος
3759 2769 3915 2856 οἷος.

1260 2879 1436 2961 τινὲς
1508 2880 1584 2949 δὲ
1652 2881 1763 2949 καὶ
1834 2906 1911 2949 το
1993 2886 2032 2948 ὃ
2103 2875 2246 2948 κατ’
2311 2874 2524 2967 ἀρχὴν
2597 2877 3098 2966 λαμβά<νουσι>
3193 2931 3900 2950 .......

1261 2985 1678 3075 (ὁπηλίκος).
1795 2986 1875 3056 τὰ
1987 2987 2062 3056 δὲ
2168 2984 2597 3074 λαμβάνοντα
2712 2982 2854 3054 κατ’
2966 2982 3180 3072 ἀρχὴν
3284 2984 3359 3054 τὸ
3478 3011 3515 3053 τ
3633 2983 3913 3056 ἀνταπο-

1264 3093 1492 3164 δοτικὰ
1564 3100 1818 3181 γίνεται
1862 3092 2051 3175 ,ὅσος
2121 3092 2347 3178 τόσος,
2423 3086 2565 3173 οἷος
2633 3106 2815 3173 τοῖος
2892 3145 3547 3160 .......
3627 3092 3913 3181 <παρ>ά-

1260 3226 1443 3288 γεται
1551 3200 1663 3269 διὰ
1780 3204 1899 3270 τοῦ
2009 3226 2205 3281 ουτος
2309 3203 2700 3286 τηλικοῦτος
2805 3198 2916 3267 καὶ
3027 3200 3463 3267 ἐπεκτείνεται
3572 3197 3684 3266 διὰ
3793 3203 3916 3269 τοῦ

1262 3296 1340 3375 ᾗ
1398 3306 1748 3395 τηλικόσδε
1809 3307 2075 3377 τοιόσδε
2148 3305 2429 3377 τοσόσδε
2518 3360 2531 3374 .
2633 3360 2647 3374 .
2725 3359 2764 3382 ..
2864 3359 2878 3374 .
2979 3358 2993 3373 .
3105 3359 3117 3372 .
3205 3303 3280 3374 τὸ
3344 3302 3664 3394 ἀόριστον
3726 3307 3917 3375 ἐναν-

1260 3418 1417 3495 τίως
1496 3419 1672 3503 ἔχειν
1753 3418 1843 3508 τῷ
1926 3416 2306 3507 ἐρωματικῷ
2388 3418 2574 3500 φησί.
2699 3410 2874 3481 καθὸ
2958 3409 2994 3480 ὁ
3076 3411 3201 3499 μὲν
3282 3413 3553 3500 ἐρωτῶν
3650 3466 3664 3480 .
3770 3467 3783 3481 .
3884 3466 3899 3482 .

1534 3574 1549 3590 .
1635 3520 1751 3609 (τὸ
1821 3520 1936 3608 δὲ)
2000 3517 2317 3611 ἀόριστον
2379 3517 2651 3609 ἀναιρεῖ
2697 3518 2815 3587 τὸν
2887 3517 3178 3587 θέλοντά
3250 3545 3314 3587 τι
3387 3515 3567 3612 αὐτῷ
3640 3516 3914 3609 ὸρισθῆ·

1261 3654 1408 3713 ναι,
1481 3623 1522 3714 ἢ
1596 3625 1771 3696 καθὸ
1849 3628 2115 3715 ἐρωτῶν
2186 3628 2495 3714 γινώσκει
2583 3679 3035 3693 .....
3123 3625 3318 3711 (καὶ)
3390 3623 3465 3693 τὸ
3540 3625 3663 3713 μὲν
3737 3624 3917 3707 ὅστις

1265 3736 1390 3803 δύο
1448 3734 1613 3821 με’ρη
1683 3732 1892 3820 λόγου
1956 3737 2088 3820 ἔχει
2149 3729 2427 3821 ἀόριστα
2489 3731 2564 3801 τὸ
2623 3737 2699 3812 5}
2749 3731 2860 3799 καὶ
2921 3730 2998 3801 τὸ
3062 3738 3177 3813 τίς.
3266 3730 3342 3801 τὸ
3407 3731 3483 3801 δὲ
3545 3729 3776 3812 ὸποτος
3838 3731 3911 3801 τὸ

1261 3836 1300 3910 ’ὁ
1361 3841 1472 3908 καὶ
1534 3837 1609 3908 τὸ
1672 3852 1865 3920 ποῖος
1925 3839 2036 3906 καὶ
2123 3893 2138 3909 .
2219 3893 2233 3907 .
2317 3893 2330 3908 .
2412 3893 2427 3909 .
2516 3837 2894 3928 ἀναφορικά
2953 3840 3152 3909 ἐστιν.
3269 3836 3415 3907 ἔσθ’
3486 3836 3596 3908 ὅτε
3660 3837 3736 3907 δὲ
3800 3835 3909 3906 ἀν·

1257 3949 1321 4016 τὶ
1356 3951 1478 4016 τοῦ
1517 3943 1835 4033 ἀορίστου
1871 3943 2041 4016 αὐτὰ
2074 3945 2727 4033 παραλαμβάνονται.
2789 3941 3210 4034 ἀναφορικὸν
3245 3944 3363 4032 (δὲ
3399 3941 3438 4014 ὃ
3473 3945 3585 4014 καὶ
3632 3941 3912 4033 ὅμοιαι)-

1260 4051 1540 4141 ματικὸν
1567 4054 1679 4121 καὶ
1707 4050 2037 4121 δεικτικὸν
2064 4051 2175 4121 καὶ
2203 4049 2731 4121 ἀνταποδοτικὸν
2757 4059 3071 4139 καλεῖται,
3098 4051 3175 4122 τὸ
3206 4050 3531 4141 ὁμοίωσιν
3560 4065 3911 4139 σημαῖνον.

598 4213 1008 4281 Antecedunt
1050 4216 1120 4280 in
1162 4215 1554 4283 Barocciano
1565 4213 1618 4303 ²)
1674 4216 2198 4301 interpretationi
2244 4188 2541 4301 Dionys‘ii
2593 4216 2663 4281 in
2707 4215 2819 4282 fol.
2870 4219 2949 4281 lr
2967 4253 3050 4263 —
3071 4216 3163 4281 9v
3209 4214 3380 4281 Aelii
3425 4213 3734 4282 Aristidis
3792 4217 3999 4282 oratio

279 4323 670 4409 panegyrica
716 4321 889 4388 dicta
932 4320 1020 4387 M.
1046 4320 1310 4388 Aurelio
1356 4323 1731 4408 imperatori
1777 4326 1843 4386 et
1886 4319 2153 4389 Luciani
2199 4318 2562 4388 encomium
2606 4322 2855 4407 patriae
2907 4343 3109 4406 usque
3165 4321 3248 4387 ad
3306 4321 3501 4387 verba
3553 4331 3695 4397 τοῖς
3747 4316 3821 4386 δὲ
3868 4315 3999 4404 ἤδη

278 4424 722 4513 γεγηρακόσιν
767 4422 905 4517 ὅσῳ
958 4433 1192 4495 πλεῖον
1234 4429 1357 4495 τοῦ
1401 4438 1684 4514 φρονεῖν
1737 4420 1779 4513 ἢ
1825 4438 1964 4505 τοῖς
2008 4428 2186 4505 νέοις
2227 4428 2532 4514 μέτεστιν
2575 4426 2672 4512 (in
2716 4426 2925 4492 medio
2973 4448 3024 4491 c.
3060 4426 3121 4510 9,
3158 4449 3220 4511 p.
3258 4427 3388 4493 232
3416 4425 3549 4515 R),
3596 4426 3706 4493 sed
3755 4426 3825 4491 in
3872 4425 4002 4492 alia

280 4535 506 4602 charta
560 4540 626 4601 et
681 4535 763 4600 ab
823 4535 953 4601 alia
1006 4557 1201 4601 manu
1258 4532 1668 4622 (recentiore,
1724 4540 1797 4601 ut
1849 4533 2130 4621 videtur)
2185 4533 2348 4599 haec
2392 4537 2657 4599 exarata
2713 4537 2866 4599 sunt
2917 4554 3038 4598 nec
3084 4533 3261 4618 prius
3308 4534 3591 4619 praefixa
3636 4555 3775 4600 esse
3822 4537 4003 4620 patet

282 4663 479 4727 quam
523 4641 782 4706 initium
830 4642 1274 4708 commentarii
1310 4640 1702 4727 Dionysiani
1749 4642 2044 4708 avulsum
2090 4644 2208 4708 est.
2280 4640 2383 4706 Ad
2418 4640 2770 4726 imaginem
2809 4644 3026 4706 autem
3064 4641 3410 4727 superioris
3447 4641 3654 4725 partis
3688 4641 3831 4706 folii
3876 4641 4001 4707 lOr

601 4838 654 4903 1)
691 4834 849 4889 uncis
885 4833 1088 4889 inclusi
1124 4851 1192 4890 ea
1227 4850 1370 4904 quae
1409 4833 1469 4889 in
1504 4834 1629 4890 Bar.
1669 4833 1894 4901 desunt,
1932 4834 2192 4890 Vaticani
2228 4837 2420 4890 autem
2454 4832 2716 4888 librarius
2752 4832 2958 4904 partim
2996 4851 3027 4890 e
3065 4834 3384 4889 coniectura
3410 4833 3616 4905 partim
3644 4833 3777 4903 quia
3802 4833 3999 4889 etiam·

279 4926 413 4980 tunc
449 4923 508 4979 in
545 4924 855 4995 archetypo
892 4922 1007 4994 legi
1044 4926 1310 4993 poterant
1346 4923 1580 4994 scripdt.

599 5013 655 5082 2)
696 5013 789 5082 qui
827 5012 1151 5068 chartaceus
1188 5016 1298 5081 est,
1337 5012 1477 5069 folia
1512 5012 1800 5068 continens
1828 5019 1949 5082 226,
1989 5013 2211 5069 saeculo
2240 5010 2369 5066 XIV
2411 5014 2469 5067 et
2495 5010 2598 5066 XV
2627 5012 2843 5068 ineunti
2880 5013 2952 5069 ab
2981 5010 3151 5069 Coxio
3181 5012 3511 5083 adscriptus.
3567 5016 3697 5083 post
3722 5026 3998 5067 commen-

277 5102 486 5158 tarium
520 5101 926 5173 Diony-sianum
963 5106 1268 5173 sequuntur
1295 5101 1586 5173 Porphyrii
1614 5102 1684 5158 de
1719 5102 1983 5173 prosodia
2016 5101 2161 5158 liber
2196 5103 2285 5172 (=-
2316 5102 2425 5156 BA
2454 5107 2576 5171 6⁷5,
2607 5104 2725 5172 30),
2765 5101 3030 5158 Choerob.
3071 5102 3141 5158 de
3177 5101 3442 5172 prosodia
3478 5104 3567 5170 (=-
3607 5102 3711 5157 BA
3750 5106 3868 5169 703,
3906 5104 3999 5172 24)

279 5191 500 5261 aliaque
539 5190 751 5261 scripta
785 5192 1173 5261 grammatica.
