4809 5959
1912 486 2346 552 ...13-

357 666 399 745 ξ
446 664 487 730 6
538 665 685 749 765,
730 665 1057 750 27-768,
1103 665 1218 749 20,
1261 686 1472 749 pauca
1510 686 1551 730 a
1593 663 1881 732 Prellero
1926 687 1989 750 p.
2027 664 2113 730 85
2159 662 2360 750 edita,
2407 665 2527 731 sub
2573 666 2767 732 titulo
2812 662 2925 729 καὶ
2969 660 3189 743 ἄλλως
3231 664 3381 751 περὶ
3426 665 3792 755 ῥαψῳδίας,
3842 669 3991 752 768,

536 772 865 855 22-769,
909 772 968 838 2.
1052 768 1188 836 Καὶ
1239 766 1455 849 ἄλλως
1498 775 1975 857 Πορφυρίου
2023 771 2173 856 769,
2217 771 2466 856 4-33,
2514 773 2661 858 770,
2712 772 3036 856 18-772,
3080 773 3142 840 2.

357 878 398 959 ἓ
448 878 485 943 7
535 876 706 962 Περὶ
753 880 1100 962 στοιχείων
1145 873 1677 963 Μελάμποδος
1723 879 1870 963 772,
1916 878 2243 962 27-778,
2287 880 2360 962 3,
2412 880 2567 965 780,
2615 879 2859 964 7-31,
2909 879 3064 964 788,
3110 879 3449 963 28-789,
3492 881 3563 964 4,
3616 881 3771 966 789,
3816 882 3986 948 20-

538 985 687 1065 790,
735 986 846 1070 19,
897 986 1045 1069 795,
1080 985 1374 1070 21-26,
1424 985 1573 1070 796,
1608 985 1901 1069 26-31,
1949 985 2095 1068 797,
2145 984 2433 1070 15-17,
2483 985 2630 1070 797,
2665 985 2956 1071 24-33,
3009 984 3293 1070 19-23,
3342 986 3488 1072 798,
3530 987 3852 1073 13-799,
3878 989 3993 1074 27,

536 1090 684 1176 801,
734 1091 975 1176 1-19;
1022 1091 1171 1173 802,
1221 1091 1463 1175 1-28,
1508 1091 1657 1175 803,
1693 1090 1941 1176 5-15,
1985 1090 2134 1174 803,
2170 1091 2502 1176 29-804,
2536 1091 2652 1176 32,
2698 1091 2849 1176 805,
2885 1091 3132 1177 4-16,
3178 1091 3469 1175 23-29,
3514 1093 3665 1177 806,
3706 1094 3991 1180 14-26,

503 1194 685 1281 ’808,
728 1198 1011 1283 9-809,
1055 1197 1126 1283 2,
1171 1198 1319 1282 809,
1370 1197 1657 1282 14-21,
1704 1197 1853 1282 810,
1899 1196 2181 1281 5-812,
2226 1198 2297 1279 2,
2345 1197 2498 1284 813,
2549 1198 2874 1282 19-814,
2922 1196 3031 1282 15,
3080 1198 3237 1283 816,
3287 1199 3574 1283 11-25,
3620 1199 3770 1285 817,
3821 1201 3986 1266 17—

538 1303 687 1388 819,
733 1305 792 1370 6.
880 1301 1052 1387 Περὶ
1098 1306 1445 1389 στοιχείων
1485 1305 1633 1388 770,
1667 1304 1915 1388 5-16,
1963 1305 2113 1388 781,
2157 1305 2487 1385 27-782,
2538 1305 2648 1389 11,
2697 1304 2845 1389 783,
2885 1305 3162 1384 1—784,
3205 1304 3315 1388 16,
3363 1305 3510 1388 781,
3546 1303 3795 1390 5-25,
3846 1306 3994 1391 782,

541 1410 820 1475 14-29.
909 1407 1080 1494 Περὶ
1125 1407 1532 1496 γραμμάτων
1580 1412 1729 1490 784,
1778 1409 2102 1496 18-785,
2151 1412 2261 1498 12,
2305 1433 2631 1497 perpauca
2675 1410 2946 1496 inedita3
2996 1411 3141 1492 789,
3187 1411 3434 1494 6-19,
3481 1411 3629 1495 777,
3666 1413 3993 1497 27—779,

536 1516 649 1601 30,
693 1517 844 1602 806,
889 1518 1374 1604 28-808,“34,
1421 1517 1570 1602 815,
1619 1517 1943 1601 10-816,
1987 1517 2057 1603 9,
2107 1517 2255 1602 779,
2291 1519 2575 1586 32—37.
2629 1514 2886 1596 Ἀλλως
2930 1519 3026 1595 εἰς
3068 1513 3142 1583 τὸ
3181 1513 3345 1584 αὐτό
3387 1517 3532 1603 786,
3566 1519 3845 1602 1-788,
3879 1519 3990 1605 15,

533 1645 743 1708 pauca
786 1624 1058 1710 inedita3
1107 1624 1262 1704 780,
1295 1624 1643 1709 ·32—781,
1687 1625 1753 1708 4,
1805 1623 1952 1708 782,
1988 1623 2325 1709 30-783,
2370 1625 2484 1711 34,
2533 1624 2691 1709 790,
2736 1623 3018 1690 21-25.
3109 1622 3246 1689 Καὶ
3300 1619 3519 1702 ἄλλως
3562 1626 3659 1701 εἰς
3700 1620 3775 1691 τὸ
3822 1619 3986 1692 αὐτὸ

533 1727 958 1816 Στεφάνου
1004 1731 1160 1815 790,
1204 1731 1539 1815 27-791,
1585 1731 1653 1814 8,
1701 1726 1858 1814 772,
1901 1730 2107 1814 4-8,
2163 1753 2369 1815 pauca
2412 1731 2682 1816 ineditn3
2740 1733 2896 1815 791,
2946 1732 3233 1814 10-15,
3289 1730 3444 1815 791,
3494 1731 3827 1816 18-794,
3873 1733 3987 1815 34,

536 1838 682 1922 779,
733 1838 932 1922 1-2,
982 1836 1128 1922 795,
1173 1838 1420 1922 4-10,
1468 1838 1625 1922 788,
1669 1836 1960 1920 22-26,
2008 1837 2163 1922 779,
2198 1839 2492 1922 4-780,
2527 1838 2597 1922 5,
2643 1837 2800 1915 788,
2850 1837 3140 1923 17-20,
3185 1838 3332 1923 772,
3382 1837 3671 1923 10-25,
3719 1837 3866 1922 789,
3903 1839 3991 1904 30

538 1944 737 2030 -32,
785 1944 930 2029 792,
971 1943 1248 2028 1-795,
1282 1944 1352 2028 2,
1401 1944 1548 2028 795,
1594 1943 1877 2027 11-19,
1927 1942 2075 2026 795,
2112 1943 2440 2028 28-796,
2476 1945 2588 2030 25,
2638 1944 2786 2029 796,
2830 1944 3159 2028 33-797,
3199 1943 3309 2029 14,
3358 1943 3505 2030 798,
3545 1944 3791 2028 1-11,
3838 1944 3989 2028 800,

543 2051 786 2134 1-26,
832 2050 1123 2136 28-32,
1161 2052 1310 2136 801,
1355 2050 1646 2135 20-32,
1697 2051 1847 2134 802,
1892 2049 2219 2135 29-803,
2264 2051 2334 2135 3,
2379 2051 2530 2136 803,
2580 2051 2865 2135 17-27,
2912 2050 3070 2135 804,
3116 2049 3452 2135 33-805,
3496 2050 3565 2135 2,
3613 2050 3769 2134 805,
3819 2051 3982 2116 18-

534 2157 650 2240 22,
688 2157 838 2236 805,
874 2158 1200 2244 31-806,
1241 2159 1324 2224 12
1362 2156 1540 2244 (806,
1566 2159 1609 2224 9
1647 2153 2068 2241 Στεφάνου
2103 2157 2173 2222 in
2208 2178 2412 2244 marg.
2441 2157 2522 2222 ad
2558 2156 2819 2241 lineam,
2860 2177 3025 2242 quae
3061 2156 3290 2242 incipit
3316 2156 3632 2224 vocabulo
3665 2152 3990 2241 παρόσον,

530 2263 755 2328 finitur
788 2285 923 2331 voc.
968 2263 1515 2349 καθεστήκασιν),
1564 2263 1710 2346 807,
1759 2263 2039 2347 1-808,
2078 2264 2115 2328 7
2165 2261 2344 2350 (808,
2388 2263 2434 2329 4
2478 2260 2715 2329 Hamb.
2761 2262 2962 2330 habet
3004 2259 3400 2347 Στεφάνου,
3445 2260 3593 2327 vat.
3629 2283 3761 2329 non
3806 2284 3990 2347 prae·

532 2368 703 2457 bet),
745 2370 902 2455 809,
947 2371 1192 2458 4-12,
1240 2371 1396 2451 809,
1441 2370 1779 2453 23-810,
1824 2369 1894 2452 3,
1944 2370 2103 2454 812,
2147 2370 2442 2455 4-813,
2486 2371 2595 2453 18,
2650 2371 2809 2455 814,
2859 2371 3192 2455 17-815,
3234 2374 3305 2456 8,
3351 2369 3512 2453 816,
3558 2368 3885 2454 27-817,
3932 2370 3990 2435 7.

532 2473 895 2561 Στεφάνου
941 2476 1038 2564 (in
1081 2476 1238 2564 mg.)
1283 2474 1394 2543 καὶ
1440 2473 1658 2554 ἄλλως
1700 2478 1795 2554 εἰς
1837 2472 1917 2542 τὰ
1961 2471 2149 2542 αὐτά.
2194 2478 2345 2561 817,
2389 2478 2636 2563 9-15,
2681 2477 2833 2562 819,
2879 2478 3117 2544 8-10.

352 2584 392 2665 8
441 2583 482 2650 8
529 2583 678 2668 819,
709 2584 1035 2669 14-820,
1060 2584 1164 2650 22.
1209 2580 1382 2669 Περὶ
1410 2583 1745 2667 συλλαβῆς
1769 2580 1881 2648 καὶ
1908 2578 2128 2660 ἄλλως
2151 2579 2515 2667 Στεφάνου
2542 2582 2644 2669 (in
2670 2581 2903 2672 marg.)
2933 2585 3082 2668 821,
3110 2584 3359 2667 6-103
3396 2583 3547 2669 820,
3573 2583 3902 2666 24-821,
3926 2583 3992 2648 4.

355 2691 397 2771 ἓ
443 2688 485 2755 9
527 2683 637 2755 ’Ex
680 2690 817 2756 τῶν
858 2688 1010 2775 περὶ
1054 2686 1309 2775 μακράς
1354 2691 1692 2774 συλλαβῆς
1738 2690 1896 2776 822,
1945 2689 2278 2774 14-823,
2328 2691 2430 2756 14.
2502 2686 2672 2773 Περὶ
2726 2685 2986 2774 μακρὰς
3030 2690 3367 2774 συλλαβῆς
3416 2687 3529 2755 καὶ
3574 2685 3794 2812 ἄλλως
3840 2690 3990 2774 821,

312 2904 436 2983 §1

306 3011 433 3090 §1

539 2796 862 2879 15—822,
911 2798 1021 2882 13,
1067 2798 1216 2880 823,
1268 2797 1589 2882 16-824,
1634 2797 1742 2862 31.

441 2903 488 2968 0
531 2900 703 2987 Περὶ
747 2904 1059 2988 βραχείας
1103 2904 1440 2988 συλλαβῆς
1485 2904 1634 2988 825,
1680 2904 1919 2971 5-13.
2008 2901 2145 2969 Καὶ
2190 2898 2411 2980 ἄλλως
2456 2902 2605 2986 825,
2655 2902 2931 2968 15-20.

445 3010 476 3073 1
527 3007 699 3094 Περὶ
744 3010 975 3095 κοινῆς
1018 3012 1352 3095 συλλαβῆς
1398 3011 1554 3095 828,
1601 3011 1929 3096 23-835,
1974 3011 2077 3076 27.
2168 3006 2340 3094 Περὶ
2384 3010 2620 3094 κοινῆς
2671 3008 3010 3093 συλλαβῆς
3061 3007 3172 3075 καὶ
3229 3004 3445 3087 ἄλλως
3490 3009 3649 3094 825,
3693 3009 3986 3094 25-31,

529 3117 677 3201 826,
723 3117 1006 3195 9-827,
1050 3118 1166 3202 24,
1214 3118 1372 3201 828,
1422 3118 1709 3202 11-21,
1763 3118 1911 3202 827,
1956 3116 2251 3200 26-31,
2299 3116 2455 3202 835,
2502 3115 2842 3198 29-836,
2891 3114 2991 3180 16.
3080 3115 3204 3193 Εἰς
3254 3115 3332 3181 τὸ
3387 3110 3551 3182 αὐτὸ
3604 3115 3715 3182 καὶ
3770 3111 3989 3194 ἄλλως

530 3223 679 3307 827,
722 3223 1051 3308 33-828,
1097 3224 1165 3307 3,
1214 3222 1362 3309 826,
1412 3225 1611 3311 1-8,
1658 3224 1807 3309 828,
1854 3223 2047 3290 5-9.

303 3332 389 3412 ἐξ
439 3329 522 3395 12
567 3334 633 3394 et
681 3330 762 3396 13
809 3326 981 3414 Περὶ
1026 3329 1263 3408 λέξεως
1308 3331 1465 3414 836,
1510 3330 1837 3415 32-837,
1888 3331 1997 3415 18,
2044 3329 2202 3413 839,
2247 3328 2541 3412 28-32,
2590 3329 2748 3413 840,
2784 3328 2987 3412 5-9,
3034 3328 3194 3413 840,
3238 3327 3574 3412 28-842,
3624 3328 3724 3396 18.
3814 3326 3987 3413 Περὶ

526 3434 762 3515 λέξεως
802 3433 915 3501 καὶ
959 3431 1175 3515 ἄλλως
1221 3437 1370 3520 836,
1415 3437 1707 3522 20-31,
1754 3438 1903 3524 837,
1954 3435 2278 3520 19-839,
2322 3436 2439 3523 26,
2485 3435 2644 3521 840,
2693 3436 2955 3536 11-26
2999 3432 3113 3522 (ad
3158 3456 3215 3501 V.
3262 3435 3349 3501 22
3394 3436 3464 3501 in
3507 3455 3637 3522 mg.
3682 3432 3987 3521 Στεφά-

527 3543 733 3628 νου),
783 3544 931 3630 842,
983 3544 1304 3629 19-843,
1349 3545 1419 3630 9,
1469 3545 1618 3630 837,
1662 3544 1994 3629 31-838,
2039 3544 2144 3609 34.

309 3652 350 3732 ξ
402 3651 486 3715 14
530 3647 701 3733 Περὶ
739 3645 1068 3735 ὀνόματος
1114 3651 1263 3737 843,
1303 3652 1626 3735 15-846,
1662 3651 1704 3716 3
1741 3649 1919 3736 (845,
1970 3650 2052 3716 15
2096 3650 2165 3715 in
2211 3669 2340 3735 mg.
2386 3644 2859 3736 Στεφάνου).
2950 3651 3428 3734 Πορφυρίου
3473 3646 3569 3734 (in
3613 3649 3847 3734 marg.)
3892 3650 3987 3726 εἰς

528 3752 602 3821 τὸ
650 3751 815 3822 αὐτό
863 3759 1020 3842 846,
1064 3758 1348 3841 5-847,
1394 3758 1454 3824 3.
1545 3752 1971 3842 Στεφάνου
2014 3753 2112 3841 (in
2158 3753 2316 3843 mg.)
2363 3757 2513 3840 847,
2557 3757 2796 3822 5-15.
2887 3759 3364 3842 Πορφυρίου
3408 3754 3509 3843 (in
3553 3751 3787 3840 marg.)
3836 3755 3987 3840 847,

533 3864 810 3930 17-32.
899 3864 1023 3941 Εἰς
1064 3860 1139 3930 τὸ
1187 3859 1352 3930 αὐτό
1400 3865 1549 3950 848,
1600 3865 1877 3950 1-849,
1923 3863 2037 3947 30,
2085 3863 2233 3948 851,
2278 3863 2606 3947 33-852,
2651 3863 2719 3948 5,
2766 3862 2917 3948 849,
2962 3863 3289 3949 32-851,
3334 3862 3451 3948 22,
3498 3862 3647 3946 851,
3693 3861 3985 3947 28-32,

529 3969 678 4054 852,
725 3970 1014 4053 7-853,
1060 3971 1165 4037 25.
1253 3972 1376 4048 Εἰς
1427 3965 1503 4037 τὸ
1550 3963 1715 4036 αὐτό
1762 3971 1920 4055 851,
1966 3970 2256 4056 24-27,
2312 3970 2471 4055 853,
2517 3969 2855 4054 26-856,
2900 3970 2986 4036 28
3044 3969 3232 4054 (855,
3278 3969 3363 4035 29
3420 3971 3489 4034 in
3542 3988 3748 4055 marg.
3794 3970 3985 4034 Στε-

526 4075 834 4163 φάνου).
880 4074 1015 4142 Καὶ
1061 4072 1278 4155 ἄλλως
1320 4079 1416 4155 εἰς
1458 4073 1533 4144 τὸ
1579 4072 1743 4142 αὐτό
1791 4077 1941 4160 856,
1977 4077 2304 4160 30-858,
2345 4078 2402 4143 7.
2468 4077 2590 4155 Εἰς
2631 4072 2708 4142 τὸ
2756 4071 2921 4143 αὐτὸ
2965 4074 3077 4142 καὶ
3122 4071 3342 4155 ἄλλως
3377 4076 3525 4159 858,
3562 4075 3802 4142 9-29.
3861 4076 3986 4152 Εἰς

525 4177 602 4248 τὸ
647 4177 811 4248 αὐτὸ
857 4179 968 4247 καὶ
1013 4178 1228 4261 ἄλλως
1275 4184 1424 4268 858,
1468 4184 1795 4269 30-860,
1839 4183 1954 4266 28,
2002 4183 2151 4267 862,
2194 4182 2443 4266 4-15,
2490 4183 2639 4267 860,
2682 4182 2975 4267 29-32,
3023 4183 3172 4266 861,
3222 4182 3455 4248 1-20.
3528 4181 3653 4259 Εἰς
3694 4176 3770 4246 τὸ
3818 4175 3982 4249 αὐτὸ

524 4286 635 4354 καὶ
681 4285 899 4367 ἄλλως
945 4289 1094 4374 861,
1138 4291 1466 4376 22-862,
1512 4292 1580 4374 23
1628 4290 1774 4374 862,
1825 4289 2149 4372 17—863,
2194 4289 2298 4356 21.
2388 4290 2513 4366 Εις
2555 4284 2633 4355 τὸ
2680 4282 2845 4355 αὐτὸ
2889 4285 3001 4353 καὶ
3047 4285 3265 4365 ἄλλως
3310 4288 3459 4372 863,
3505 4287 3832 4372 23-864,
3877 4288 3983 4353 24.

527 4392 949 4481 Στεφάνου
993 4394 1091 4482 (in
1135 4397 1368 4482 marg.)
1413 4398 1509 4475 εἰς
1549 4392 1625 4464 τὸ
1672 4392 1839 4463 αὐτό
1886 4397 2035 4481 864,
2079 4396 2408 4482 25-867,
2453 4396 2541 4462 30
2585 4392 2764 4480 (867,
2809 4395 2899 4462 25
2941 4396 3013 4461 in
3057 4416 3260 4481 marg.
3306 4390 3779 4479 Στεφάνου).
3860 4395 3983 4472 Εἰς

525 4498 600 4568 τὸ
647 4498 812 4569 αὐτό
861 4503 1012 4584 867,
1055 4503 1383 4588 32-868,
1433 4504 1531 4570 12.
1606 4502 1742 4569 Καὶ
1785 4498 2021 4581 ἄλλως.
2104 4497 2530 4587 Στεφάνου
2575 4499 2673 4587 (in
2717 4500 2948 4589 marg.)
2994 4501 3143 4587 868,
3195 4500 3518 4586 14—869,
3567 4501 3667 4567 10.
3739 4501 3863 4577 Εἰς
3903 4495 3979 4566 τὸ

525 4603 690 4676 αὐτό
737 4607 835 4696 (in
879 4609 1112 4696 marg.)
1159 4609 1316 4694 869,
1366 4610 1647 4676 12-24.
1733 4611 1856 4687 Είς
1898 4604 1975 4675 τὸ
2023 4602 2186 4675 αὐτὸ
2230 4607 2341 4675 καὶ
2386 4604 2623 4687 ἄλλως.
2706 4602 3130 4692 Στεφάνου
3176 4606 3274 4693 (in
3320 4604 3552 4694 marg.)
3596 4605 3757 4689 869,
3800 4607 3979 4672 27—

533 4717 684 4802 870,
733 4717 833 4782 17.
904 4712 1344 4801 Στεφάνου.
1390 4717 1486 4794 εἰς
1519 4711 1595 4781 τὸ
1642 4710 1807 4784 αὐτὸ
1842 4713 1953 4782 καὶ
1999 4710 2216 4793 ἄλλως
2251 4713 2349 4800 (in
2385 4713 2619 4800 marg.)
2654 4714 2805 4799 870,
2846 4713 3169 4798 19-871,
3210 4711 3319 4798 15,
3367 4712 3515 4796 871,
3552 4711 3878 4795 29-872,
3905 4711 3981 4797 3,

528 4823 686 4909 872,
731 4823 1067 4907 33-873,
1114 4824 1174 4890 2.
1265 4824 1386 4901 Εἰς
1428 4818 1504 4889 τὸ
1550 4817 1714 4889 αὐτὸ
1757 4820 1869 4888 καὶ
1914 4818 2147 4899 ἄλλως.
2219 4817 2642 4906 Στεφάνου
2687 4817 2786 4906 (in
2831 4819 2994 4905 mg.)
3039 4819 3188 4904 872,
3234 4817 3482 4902 5-31,
3527 4817 3686 4901 873,
3729 4816 3980 4905 4.-11,

529 4930 677 5015 871,
728 4930 1012 5014 17-283
1059 4929 1208 5014 873,
1257 4931 1543 5016 12—28;
1591 4930 1740 5015 874,
1783 4929 2032 5015 8-173
2080 4929 2237 5012 874,
2283 4928 2617 5011 33—875,
2662 4926 2722 4993 5.
2811 4927 2936 5004 Εἰς
2978 4922 3053 4993 τὸ
3100 4919 3265 4992 αὐτὸ
3310 4921 3422 4989 καὶ
3468 4919 3686 5000 ἄλλως
3734 4923 3888 5008 775,
3935 4924 3977 4990 6

533 5037 721 5102 -11.
793 5038 916 5114 Εἰς
957 5031 1032 5102 τὸ
1079 5030 1243 5103 αὐτὸ
1291 5034 1402 5102 καὶ
1448 5031 1664 5114 ἄλλως
1708 5035 1866 5119 875,
1916 5036 2200 5122 13-20,
2248 5036 2404 5121 876,
2449 5033 2699 5118 9-25,
2747 5033 2897 5119 877,
2933 5033 3181 5117 6-18,
3228 5031 3376 5114 878,
3412 5029 3658 5112 3-12,
3705 5029 3855 5114 878,
3890 5030 3971 5096 31

527 5143 776 5230 -879,
817 5143 933 5228 21,
980 5143 1129 5229 880,
1174 5143 1413 5210 6-17.
1501 5143 1623 5221 Eis
1666 5136 1742 5209 τὸ
1788 5137 1950 5208 αὐτὸ
1993 5139 2107 5208 καὶ
2151 5136 2369 5220 ἄλλως
2414 5142 2563 5220 880,
2614 5139 2890 5207 19-26.
