4809 5959
2487 469 2880 534 ..8.-

815 642 1077 713 νεκτικά
1121 646 1258 712 τών
1293 654 1514 732 μερῶν
1548 646 1671 712 τοῦ
1707 641 1916 730 λόγου
1954 638 2251 730 ὀνόματα
2285 642 2396 710 καὶ
2435 639 2691 729 ῥήματά
2728 646 2927 729 εἰσιν,
2971 639 3137 728 ἅπερ
3165 638 3479 729 ἀλλήλοις
3507 641 4009 731 συμπλεκόμενα
4044 640 4349 713 ἀποτελεῖ
4379 644 4540 725 τοὺς

816 748 1060 837 λόγους
1101 748 1315 838 μηδὲν
1361 748 1645 836 δεόμενα
1690 748 1801 815 καὶ
1846 750 2103 818 τέλειον
2147 750 2318 816 νοῦν
2361 743 2816 834 ἀπεργάζεται,
2863 744 3012 816 οἷον
3050 745 3319 838 ’Ἅβρων
3366 751 3766 837 διαλέγεται,
3815 750 4105 820 Πλάτων
4159 758 4535 839 φιλοσοφεῖ.

815 856 927 925 καὶ
972 854 1198 943 ἐπειδὴ
1245 861 1498 942 γίνεται
1542 851 1584 942 ἡ
1634 853 1944 936 σύνταξις
1998 854 2527 941 προηγουμένων
2579 850 2930 941 ὀνομάτων
2977 852 3102 921 δύο
3159 858 3312 941 δίχα
3368 856 3780 943 συνδέσμου,
3836 853 3985 936 ἑνὸς
4038 855 4327 945 ῥήματος
4379 882 4540 946 προ-

816 964 1195 1050 σαγομένου
1237 958 1395 1030 καθ’
1447 958 1597 1041 ἑνὸς
1638 961 2027 1049 προσώπου,
2082 959 2298 1048 ἤγουν
2352 958 2479 1029 δύο
2536 957 2887 1047 ὀνομάτων
2938 959 3098 1048 μετὰ
3144 960 3466 1049 ῥήματος,
3521 956 3670 1030 οἷον
3722 960 3925 1049 ταχὺς
3978 966 4175 1043 ἵππος
4224 966 4539 1051 ἔδραμεν,

817 1068 1071 1152 ξανθὸς
1117 1068 1461 1149 Μενέλαος
1504 1069 1935 1156 ἐπολέμησεν·
1998 1068 2108 1136 καὶ
2153 1062 2557 1136 τούναντίον
2600 1072 2735 1136 ἔδει
2781 1065 2941 1156 μετὰ
2990 1065 3116 1137 δύο
3164 1066 3477 1155 ῥημάτων
3522 1071 3597 1137 ἓν
3652 1066 3892 1156 ὄνομα·
3948 1065 4206 1156 ἀνάγκη
4251 1068 4381 1156 γὰρ
4426 1061 4537 1157 ἦν,

815 1178 926 1245 καὶ
973 1177 1077 1245 ἐπὶ
1121 1179 1243 1245 τοῦ
1288 1175 1578 1263 ῥήματος
1620 1173 1744 1262 τὴν
1789 1172 2002 1262 αὐτὴν
2046 1173 2365 1256 σύνταξιν
2410 1180 2751 1261 γίνεσθαι,
2799 1172 2947 1254 ἑνὸς
2989 1172 3114 1262 μὲν
3158 1172 3490 1262 ὀνόματος
3522 1172 4000 1262 ὑποκειμένου,
4047 1175 4172 1245 δύο
4212 1175 4288 1244 δὲ
4334 1177 4538 1264 ῥημά-

815 1307 951 1351 των
998 1284 1430 1369 ἐπαγομένων
1476 1278 1854 1361 ἀσυνδέτως
1896 1277 2056 1349 καθ’
2109 1278 2261 1361 ἑνὸς
2303 1279 2694 1367 προσώπου,
2742 1279 2903 1369 ὅπερ
2950 1277 3308 1349 ἀδύνατον.
3400 1283 3559 1361 Πώς
3604 1279 3731 1369 γὰρ
3778 1276 3864 1349 ἄν
3910 1287 4191 1369 συσταίη
4236 1281 4310 1351 τὸ
4354 1278 4539 1369 ’ᾼγα-

816 1391 1087 1478 μέμνων
1142 1390 1543 1478 ἐπολέμησεν
1598 1391 1932 1476 ἐνίκησεν,
1996 1393 2058 1457 εί
2107 1387 2197 1477 μὴ
2253 1386 2385 1476 ἄρα
2439 1386 2638 1474 λάβοι
2690 1384 2809 1455 τὸν
2864 1384 3278 1473 σύνδεσμον,
3343 1384 3504 1476 ὅπερ
3569 1384 3693 1456 οὐκ
3746 1379 3836 1473 ἦν
3890 1388 3995 1456 ἐπὶ
4046 1391 4166 1475 τῆς
4215 1388 4540 1476 προτέρας

816 1494 1206 1578 συντάξεως.
1278 1493 1427 1565 Ἵνα
1484 1492 1567 1582 δὴ
1620 1500 1857 1564 τοίνυν
1909 1495 2020 1564 καὶ
2074 1492 2155 1564 τὰ
2213 1493 2337 1563 δύο
2394 1493 2652 1582 ῥήματα
2705 1489 3087 1573 ἀσυνδέτως
3137 1491 3296 1562 καθ’
3348 1492 3500 1574 ἑνὸς
3550 1492 3966 1581 λαμβάνηται
4017 1492 4408 1581 προσώπου,
4459 1494 4534 1563 τὸ

816 1603 1046 1689 ἕτερον
1090 1605 1227 1670 τών
1272 1601 1587 1689 ῥημάτων
1631 1606 1726 1681 είς
1778 1599 2062 1689 μετοχὴν
2120 1607 2607 1689 σχηματίζεται,
2661 1599 2772 1668 καὶ
2825 1590 3021 1678 οὗτος
3074 1596 3109 1665 ὁ
3158 1599 3357 1686 λόγος
3402 1605 3817 1686 συνίσταται,
3866 1597 4296 1689 Ἀγαμέμνων
4350 1608 4538 1669 πολε·

817 1706 1032 1794 μήσας
1085 1710 1411 1795 ἐνίκησεν.
1502 1704 1905 1793 Ἀναγκαίως
1958 1698 2086 1776 οὖν
2138 1705 2300 1794 μετὰ
2352 1704 2428 1775 τὸ
2486 1704 2700 1794 ὄνομα
2753 1707 2864 1774 καὶ
2916 1704 2992 1775 τὸ
3047 1708 3225 1794 ῥῆμα
3281 1703 3323 1794 ἡ
3378 1704 3619 1795 μετοχὴ
3671 1708 4001 1794 τέτακται,
4056 1705 4282 1795 ἐπειδὴ
4336 1711 4401 1776 εί
4450 1698 4537 1795 ἦν

817 1811 979 1902 μετὰ
1025 1812 1100 1882 τὸ
1151 1812 1444 1903 ἄρθρον,
1490 1810 1613 1883 οὐκ
1659 1810 1748 1882 ἂν
1793 1812 2044 1900 ἐκλήθη
2090 1811 2359 1900 μετοχή,
2404 1812 2544 1881 ἐπεὶ
2592 1809 2674 1881 ού
2718 1815 2967 1900 μετέχει
3012 1815 3130 1901 τῆς
3171 1816 3296 1882 τοῦ
3340 1811 3607 1902 ἄρθρου
3651 1819 4026 1894 κοινωνίας.

1136 1923 1215 1988 Ιιι
1273 1925 1488 2007 priore
1548 1927 1763 1989 autem
1827 1923 2215 1988 scholiorum
2276 1927 2460 2008 parte
2516 1925 2772 2007 praeter
2834 1921 2995 1988 duas
3058 1922 3408 2008 particulas
3463 1918 3886 1989 Heliodoreas
3948 1946 3988 1990 a
4041 1922 4538 1989 Wachsmuthjo

825 2053 887 2116 p.
933 2029 1064 2098 383
1111 2034 1177 2095 et
1221 2030 1353 2097 385
1397 2051 1475 2095 ex
1518 2028 1889 2095 Burbonioo
1936 2029 2143 2095 editas
2190 2028 2295 2094 his
2338 2029 2548 2094 tribue
2594 2028 2858 2096 scholiis
2904 2030 2972 2096 in
3018 2028 3351 2095 Marciano
3397 2051 3636 2096 nomen
3682 2030 3820 2096 eius
3866 2029 4261 2115 adscriptum
4306 2033 4431 2094 est:

977 2137 1044 2222 1)
1088 2136 1248 2202 Post
1292 2136 1359 2201 id
1405 2136 1724 2221 scholion,
1771 2137 1941 2222 quod
1987 2136 2107 2203 sub
2146 2136 2407 2202 nomine
2445 2135 2778 2202 Diomedis
2819 2135 2919 2222 (in
2954 2136 3189 2202 Hamb.
3216 2132 3697 2221 Μελάμποδος)
3743 2137 3984 2223 legitur
4009 2159 4072 2221 p.
4102 2136 4251 2221 797,
4282 2135 4539 2201 15—23

1084 2243 1245 2309 haec
1290 2243 1671 2311 exhibentur
1713 2244 1941 2309 verba:
1977 2237 2484 2324 Ἡλιοδώρου.
2556 2238 2806 2329 Μακρά
2851 2241 3108 2327 λέγεται
3151 2238 3225 2308 τὸ
3273 2246 3315 2328 ἢ
3361 2241 3472 2309 καὶ
3514 2237 3590 2309 τὸ
3636 2244 3692 2309 ὃ
3738 2237 3822 2307 οὐ
3856 2243 3948 2331 τῷ
3994 2239 4177 2331 τύπω
4221 2241 4343 2307 τοῦ
4389 2239 4542 2325 σχή-

1086 2373 1290 2434 ματος
1334 2348 1445 2415 καὶ
1490 2351 1614 2416 τοῦ
1658 2350 2098 2436 χαρακτῆρος,
2144 2344 2314 2415 ἀλλὰ
2357 2351 2439 2436 τῇ
2487 2346 2768 2434 δυνάμει
2803 2350 2921 2433 τῆς
2957 2350 3214 2434 φωνῆς·
3262 2348 3335 2414 ἐκ
3371 2344 3496 2415 δύο
3535 2345 3665 2435 γὰρ
3693 2349 4104 2434 φωνηέντων
4131 2350 4541 2430 συνίσταται,

1086 2453 1197 2521 καὶ
1241 2456 1338 2533 είς
1383 2452 1508 2522 δύο
1555 2449 1938 2522 ἀναλύεται·
1987 2447 2137 2521 οἷον
2179 2451 2254 2522 τὸ
2303 2455 2478 2541 φάος
2522 2457 2667 2541 φώς
2711 2454 3024 2541 λέγομεν,
3068 2453 3179 2521 καὶ
3224 2450 3300 2522 τὸ
3345 2457 3491 2540 φώς
3533 2452 3737 2522 πάλιν
3773 2457 3869 2534 είς
3912 2451 4088 2540 φάος
4132 2449 4541 2538 ἀναλύομεν·

1087 2557 1333 2647 ὁμοίως
1374 2557 1450 2629 τὸ
1499 2563 1708 2648 δῆλον
1756 2561 1989 2628 δέελον
2035 2560 2347 2647 λέγομεν,
2392 2560 2504 2628 καὶ
2549 2557 2631 2627 τὰ
2676 2561 2871 2645 βέλεα
2915 2559 3103 2646 βέλη·
3149 2556 3230 2627 τὰ
3277 2558 3351 2627 δὲ
3385 2560 3633 2647 βραχέα
3678 2556 3832 2629 οῦτε
3868 2560 3940 2628 ἐκ
3986 2561 4111 2628 δύο
4149 2563 4541 2627 συνίσταται

1091 2663 1245 2734 οῦτε
1291 2670 1386 2747 εἰς
1431 2664 1555 2735 δύο
1602 2664 1960 2735 ἀναλύεται
2007 2665 2114 2755 (of.
2159 2668 2414 2735 Villois.
2461 2668 2601 2734 AG.
2639 2667 2705 2733 Π
2740 2691 2802 2753 p.
2846 2668 3018 2753 125).

971 2773 1042 2861 2)
1088 2773 1266 2840 Inter
1311 2797 1388 2842 ea
1434 2776 1681 2863 soholja
1726 2797 1889 2860 quae
1936 2780 2139 2861 agunt
2183 2776 2260 2841 de
2297 2775 2510 2861 longis
2558 2775 2858 2842 brevibus
2905 2775 3420 2861 ancipitibusque
3470 2775 3799 2843 vocalibus
3850 2776 4088 2842 litteris
4126 2776 4251 2842 hoo
4289 2795 4542 2861 quoque

1085 2880 1352 2969 legitur:
1394 2876 1881 2967 Ἡλιοδώρου
1926 2882 2040 2958 εἰς
2081 2877 2167 2947 τὸ
2215 2875 2426 2947 αύτό.
2517 2877 2783 2947 Γενικοὶ
2838 2876 3072 2966 χρόνοι
3117 2883 3480 2948 καλοῦνται
3527 2876 3565 2948 ὅ
3601 2876 3966 2968 τεμακρὸς
4018 2878 4130 2946 καὶ
4185 2875 4222 2946 ὃ
4269 2879 4543 2966 βραχύς,

1088 2989 1160 3053 οἵ
1196 3011 1374 3067 τινες
1424 2985 1777 3071 τέμνονται
1833 2989 1929 3065 είς
1982 2981 2274 3066 είδικοῦς
2327 2983 2633 3072 χρόνους.
2721 2985 2832 3054 καὶ
2889 2982 2926 3053 ὁ
2980 2983 3106 3073 μὲν
3156 2983 3424 3073 γενικὸς
3474 2983 3727 3073 μακρὸς
3780 2984 4024 3073 χρόνος
4076 2983 4202 3053 δύο
4256 2984 4544 3072 χρόνους

1087 3096 1249 3179 ἔχει,
1296 3088 1333 3160 ὁ
1381 3089 1456 3159 δὲ
1499 3088 1761 3177 γενικὸς
1803 3091 2057 3181 βραχὺς
2100 3090 2341 3180 χρόνος
2387 3092 2509 3159 ἕνα
2552 3093 2803 3178 χρόνον
2851 3096 3008 3178 ἔχει·
3062 3089 3230 3178 πρὸς
3281 3088 3406 3179 τὴν
3459 3090 3687 3179 σχέσιν
3741 3084 3869 3160 οὖν
3920 3095 4056 3160 τῶν
4104 3089 4231 3160 δύο
4278 3092 4544 3179 χρόνων

1089 3202 1368 3287 δίχρονα
1411 3202 1789 3267 καλοῦνται.
1882 3203 1972 3267 Οἳ
2009 3226 2084 3286 γε
2128 3197 2263 3288 μὴν
2311 3198 2631 3286 ῥυθμικοὶ
2688 3202 2935 3284 δίσημα
2982 3193 3150 3267 αὐτὰ
3193 3200 3506 3282 καλοῦσι,
3563 3211 3839 3284 σημεῖον
3883 3197 4185 3284 λέγοντες
4227 3195 4356 3291 τὸν,
4393 3195 4543 3284 χρό-

1088 3330 1245 3390 νον,
1291 3310 1462 3373 ἔνιοι
1509 3304 1583 3373 δὲ
1625 3303 1832 3393 ὑγρά,
1875 3304 2179 3394 παρόσον
2223 3306 2638 3375 ἐκτείνεσθαι
2682 3301 3016 3392 πεφύκασι
3056 3301 3138 3372 τὰ
3182 3300 3385 3393 ὑγρά·
3434 3300 3623 3372 ἄλλοι
3670 3303 3746 3372 δὲ
3790 3301 4163 3391 ἀμφίβολα,
4208 3300 4301 3384 ὥς
4343 3298 4544 3390 ἀμφι-

1088 3409 1496 3498 βαλλόμενα,
1542 3410 1698 3480 πότε
1743 3411 1961 3500 μακρά
1997 3413 2134 3481 ἐστι
2170 3410 2330 3480 πότε
2362 3417 2657 3499 βραχεῖα.
2719 3408 2910 3490 Τινὲς
2946 3409 3021 3479 δὲ
3057 3406 3226 3480 αὐτὰ
3263 3408 3461 3479 κοινὰ
3495 3409 4133 3498 προσαγορεύουσιν.
4185 3406 4542 3497 Ἀμφισβη-

1087 3516 1357 3585 τεύουσι
1403 3520 1484 3588 δέ
1521 3544 1700 3600 τινες
1743 3521 2048 3605 λέγοντες
2101 3518 2253 3587 «καὶ
2297 3522 2438 3599 πώς
2492 3515 2788 3587 δύνατόν
2835 3518 2971 3586 έστι
3015 3516 3090 3585 τὸ
3150 3512 3315 3586 αὐτὸ
3361 3518 3774 3587 έκτείνεσθαι
3816 3517 3929 3585 καὶ
3988 3517 4542 3596 συστέλλεσθαις»

1090 3620 1525 3709 ἀγνοοῦντες,
1579 3621 1681 3692 ὅτι
1734 3621 1898 3692 κατὰ
1952 3630 2232 3714 μίμησιν
2284 3628 2422 3693 τών
2473 3627 2813 3712 κοσμικών
2857 3630 3204 3710 στοιχείων
3248 3624 3360 3693 καὶ
3402 3628 3611 3694 ταῦτα
3659 3628 4068 3706 εἰκονίζεται·
4133 3620 4369 3711 ὁρᾶται
4413 3622 4543 3710 γὰρ

1089 3725 1363 3798 κάκεῖνα
1410 3729 1670 3811 ἑαυτοῖς
1713 3735 1949 3817 ἔχοντα
1995 3730 2424 3819 ἐναντιότητά
2469 3756 2650 3816 τινα,
2696 3727 2915 3818 ὥσπερ
2962 3727 2998 3800 ὁ
3046 3727 3235 3817 ἥλιος
3277 3728 3358 3800 τὰ
3404 3729 3528 3819 μὲν
3571 3734 3707 3798 τών
3751 3729 4077 3817 σωμάτων
4124 3728 4417 3815 διαλύει,
4461 3727 4544 3797 τὰ

1093 3834 1168 3903 δὲ
1224 3835 1395 3921 ἑνοῖ,
1449 3834 1696 3924 ὁμοίως
1747 3838 1857 3905 καὶ
1911 3836 1986 3907 τὸ
2041 3842 2176 3925 πῦρ
2229 3835 2309 3905 τὰ
2368 3837 2492 3926 μὲν
2547 3839 2849 3922 ἐκτείνει,
2902 3835 2982 3905 τά
3040 3836 3114 3905 δὲ
3170 3837 3508 3906 συστέλλει
3561 3839 3698 3905 τών
3752 3835 4098 3924 σωμάτων.
4187 3833 4375 3923 Πρὸς
4426 3831 4546 3916 οῦς

1092 3967 1344 4029 φαμεν,
1398 3946 1461 4011 εί
1509 3942 1592 4010 τὰ
1643 3941 1927 4031 κοσμικά
1985 3957 2272 4031 στοιχεῖα
2327 3950 2684 4029 φαίνονται
2738 3942 3115 4013 ἐκτείνοντά
3168 3969 3240 4013 τε
3292 3943 3402 4012 καὶ
3457 3944 3899 4013 συστέλλοντα
3954 3942 4039 4013 οὐ
4096 3945 4309 4031 μόνον
4354 3944 4544 4031 ἕτερα

1094 4045 1262 4117 ἀλλὰ
1308 4048 1420 4117 καὶ
1466 4052 1606 4116 ἴδια
1653 4048 1953 4138 σώματα,
2007 4056 2079 4118 τί
2116 4048 2401 4138 ἄτοπον,
2454 4050 2565 4118 καὶ
2609 4053 2816 4119 ταῦτα
2861 4063 3152 4137 στοιχεῖα
3196 4048 3576 4138 καλούμενα
3620 4050 3777 4119 ποτὲ
3823 4049 3947 4138 μὲν
3993 4051 4334 4137 ἐκτείνειν,
4387 4048 4545 4119 ποτὲ

1095 4153 1170 4223 δὲ
1216 4158 1598 4226 συστέλλειν
1639 4153 1756 4235 τὰς
1798 4155 2160 4243 συλλαβάς;
2205 4153 2482 4243 Ἰστέον,
2529 4155 2632 4225 ὅτι
2676 4157 2750 4225 έν
2787 4155 2910 4243 μὲν
2945 4159 3037 4250 τῷ
3073 4157 3224 4245 περὶ
3260 4161 3535 4245 στιγμῆς
3570 4156 3859 4245 χρόνους
3885 4156 4240 4245 εἰρήκαμεν
4269 4159 4546 4244 σιωπῆς,

1095 4262 1392 4331 ἐνταῦθα
1439 4262 1515 4331 δὲ
1557 4261 1845 4350 χρόνους
1889 4264 2168 4351 λέγομεν
2214 4262 2679 4352 έκφωνήσεως·
2740 4267 2862 4332 καί
2898 4288 3149 4350 φαμεν,
3205 4260 3308 4331 ὅτι
3365 4265 3826 4352 ἐκτεινόμενον
3881 4267 4195 4352 δίχρονον
4241 4262 4365 4331 δύο
4413 4267 4547 4351 ἔχει

1092 4368 1378 4453 χρόνους
1419 4367 1578 4449 τοῦς
1627 4372 1751 4437 τοῦ
1809 4372 2069 4458 μακροῦ
2120 4368 2538 4457 φωνήεντος,
2594 4368 3122 4458 συστελλόμενον
3176 4370 3253 4439 δὲ
3305 4371 3424 4440 ἕνα
3475 4369 3598 4440 τὸν
3648 4375 3772 4441 τοῦ
3824 4370 4099 4459 βραχέος
4144 4368 4546 4458 φωνήεντος.

1093 4473 1427 4561 (Fortasse
1480 4500 1634 4544 sane
1686 4482 2016 4563 postrema
2068 4479 2265 4545 verba
2318 4478 2469 4544 inde
2524 4479 2607 4544 ab
2660 4473 2906 4544 Ἰστέον
2961 4480 3363 4566 segreganda
3422 4485 3600 4565 sunt,
3659 4502 3806 4547 eum
3855 4501 3989 4546 non
4042 4479 4203 4546 satis
4259 4500 4404 4546 cum
4450 4479 4543 4549 eis

1096 4602 1261 4666 quae
1307 4583 1695 4649 antecedunss
1740 4584 2155 4667 cohaereant,
2199 4607 2590 4672 quamquem
2636 4586 2705 4651 in
2750 4584 2888 4650 cod.
2936 4584 3072 4651 sine
3119 4586 3252 4652 ullo
3297 4586 3641 4653 intervallo
3689 4590 3841 4652 sunt
3885 4586 4234 4673 adiuncta).

1085 4787 1588 4882 Ηλιοδώρου.
1678 4792 1868 4862 Μετὰ
1924 4793 2000 4863 δὲ
2052 4792 2167 4876 τὰς
2222 4797 2576 4923 διαιρέσεις
2628 4821 2698 4864 τε
2751 4796 2864 4864 καὶ
2920 4796 3383 4883 έπιδιαιρέσεις
3434 4796 3547 4864 καὶ
3599 4793 4091 4885 ὑποδιαιρὲσεις
4141 4821 4280 4865 των
4323 4821 4545 4883 φωνη-

1095 4897 1305 4968 έντων
1349 4898 1705 4986 παρέπεται
1749 4898 1976 4981 αὐτοῖς
2016 4915 2157 4983 τοῖς
2200 4901 2545 4990 φωνήεσιν
2582 4903 3046 4971 έπιπλέκεσθαι
3082 4898 3396 4989 ἀλλήλοις
3428 4903 3540 4972 καὶ
3574 4901 3690 4984 τὰς
3726 4901 4149 4990 διφθόγγους
4174 4899 4544 4989 ἀποτελεῖν,

1094 5031 1186 5085 ως
1226 5019 1365 5087 τοῖς
1410 5006 1799 5093 συμφώνοις
1841 5033 2003 5095 μετα
2047 5011 2184 5077 τών
2228 5011 2637 5097 φωνηέντων
2692 5009 2807 5090 τὰς
2861 5008 3213 5096 συλλαβάς.
3303 5015 3621 5079 Γίνονται
3676 5009 3753 5079 δὲ
3806 5014 4013 5079 πᾶσαι
4057 5014 4133 5079 αἱ
4175 5014 4544 5098 δίφθογγοι
