4809 5959
1981 494 2415 559 ..19-

335 670 665 738 -XXIIL
737 692 943 756 neque
981 671 1151 736 enim
1199 670 1504 737 credibile
1549 672 1648 736 est
1685 670 1872 737 illum
1909 672 2432 756 grammaticum,
2480 671 2615 736 sive
2642 670 3002 758 Melampus
3040 674 3174 739 sive
3203 673 3550 741 Diomedes
3589 677 4061 761 appellabatur,

332 798 441 842 eas
487 781 746 843 tantum
789 776 1239 862 paragraphos
1286 777 1781 861 interpretatum
1829 797 1998 858 esse,
2053 798 2216 862 quae
2263 782 2418 843 sunt
2462 777 2540 842 de
2599 781 2735 843 arte
2782 779 3160 845 recitatione
3213 785 3484 846 accentu
3539 781 4058 866 interpunctione

330 884 681 969 rhapsodia
726 883 963 950 litteris
1010 882 1281 967 syllabis
1340 881 1623 949 dictione
1679 882 2000 949 adverbiis
2048 882 2633 967 coniunctionibus,
2688 888 2755 949 et
2809 885 2999 970 plane
3057 885 3354 951 omisisse
3389 872 3489 951 ‘de
3545 888 3806 952 nomine
3857 889 4056 955 verbo

329 990 675 1075 participio
719 990 1101 1076 pronomine
1146 990 1629 1074 praepositione
1665 992 2034 1075 praecepta3
2082 987 2195 1053 sed
2228 988 2446 1074 potius
2485 989 2702 1075 aliquo
2743 1011 2900 1055 casu
2934 991 3536 1075 interpretationem
3573 993 3858 1077 capitum
3898 993 4056 1060 XIV

334 1096 647 1163 —XXIII
692 1118 772 1163 ex
817 1119 892 1164 eo
939 1097 1155 1163 codice
1201 1094 1508 1162 excidisse
1555 1099 1851 1181 apparet,
1906 1117 1983 1161 ex
2030 1117 2157 1182 quo
2212 1095 2537 1161 fluxerunt
2593 1099 2659 1161 et
2701 1095 3095 1163 Havniensis
3142 1096 3572 1184 Vaticanique
3623 1100 3794 1166 1766
3842 1101 4058 1166 arche·

328 1207 540 1289 typon
587 1208 656 1270 et
698 1205 756 1270 is
802 1203 991 1288 liber,
1044 1202 1214 1269 unde
1269 1201 1517 1268 scholia
1561 1201 2012 1286 Melampodea
2065 1223 2114 1266 s.
2160 1201 2518 1268 Diomedes
2561 1201 2870 1269 Vaticani
2918 1204 3002 1267 14
3057 1207 3358 1289 excerpta
3414 1209 3584 1272 sunt.
3657 1204 3816 1293 (nisi
3869 1207 4058 1291 forte,

328 1311 440 1395 qui
483 1310 655 1377 hanc
701 1309 1095 1377 scholiorum
1140 1308 1509 1394 congeriem
1554 1308 1942 1395 composuit,
1988 1307 2105 1373 illo
2154 1308 2453 1375 mutilato
2501 1308 2718 1375 codice
2761 1310 2905 1395 ipso
2954 1308 3302 1396 utebatur.)

649 1413 862 1502 Siquis
919 1415 1189 1500 denique
1236 1419 1507 1501 quaerat
1560 1414 1882 1501 quomodo
1937 1414 2185 1480 factum
2242 1415 2354 1498 sit,
2410 1419 2484 1481 ut
2537 1415 2800 1482 eaedem
2855 1416 3348 1502 explanationes
3405 1418 3471 1483 in
3526 1418 3670 1483 aliis
3726 1419 4055 1488 codicibus

329 1523 451 1589 sub
516 1522 846 1589 Diomedis
910 1522 1202 1606 nomine,
1264 1522 1367 1603 in,
1400 1521 1549 1587 aliis
1611 1521 1730 1587 sub
1793 1520 2222 1605 Melampodis
2286 1521 2718 1606 traderentur,
2780 1522 2942 1588 mihi
3005 1524 3360 1591 rectissime
3423 1524 3738 1591 iudicasse
3803 1526 4061 1592 videtur

329 1626 735 1715 LLangius
783 1628 956 1714 apud
998 1626 1670 1694 Hoerschelmannum
1715 1650 1778 1712 p.
1822 1629 1907 1694 29
1957 1628 2131 1695 adn.:
2207 1626 2390 1693 «Auf
2428 1628 2603 1695 mich
2646 1628 2922 1695 machen
2967 1628 3141 1695 diese
3187 1628 3488 1696 Scholien
3534 1630 3645 1696 des
3693 1629 4055 1718 Melampus

328 1735 453 1801 den
496 1734 829 1802 Eindruck
882 1756 1011 1800 von
1057 1732 1634 1820 Collegienheften.
1725 1732 1849 1800 Die
1895 1731 2259 1819 Duplicitiit
2319 1733 2429 1800 des
2476 1732 2761 1801 Namens
2818 1735 3034 1800 wfirde
3091 1735 3228 1802 sich
3284 1736 3604 1819 erklaren,
3660 1756 3850 1802 wenn
3905 1759 4056 1803 man

328 1841 678 1925 anniihme,
738 1843 886 1909 dass
942 1841 1121 1907 einer
1174 1840 1287 1906 der
1339 1839 1741 1928 Nachfolger
1796 1841 1906 1907 des
1966 1839 2249 1906 anderen
2309 1840 2403 1906 sei
2463 1840 2599 1907 und
2657 1841 2773 1906 das
2830 1839 2991 1907 Heft
3049 1842 3257 1907 seines
3316 1840 3735 1929 Vorgangers
3792 1844 4059 1910 benutzt

328 1947 549 2015 habe.»
640 1948 806 2016 Uter
858 1970 1010 2015 vero
1067 1947 1334 2014 alterius
1390 1948 1627 2013 scrinia
1681 1945 2152 2033 compilaverit,
2210 1945 2321 2012 vix
2379 1947 2671 2014 futurum
2727 1968 2866 2013 esse
2925 1948 3207 2014 arbitror
3264 1952 3339 2014 ut
3396 1970 3702 2034 umquam
3763 1949 4056 2017 codicum

328 2055 569 2121 auxilio
614 2055 1098 2143 perspiciamus.
1186 2052 1251 2119 N
1255 2075 1326 2120 ec
1370 2055 1644 2120 multum
1688 2057 1915 2121 nostra
1958 2053 2232 2118 interest
2276 2055 2466 2138 scire,
2521 2057 2667 2121 uter
2711 2076 2789 2120 ex
2835 2053 3102 2120 alterius
3155 2054 3349 2121 furtis
3400 2077 3519 2121 sua
3565 2056 3689 2121 sibi
3735 2057 4054 2142 clepserit.

326 2182 480 2226 nam
526 2161 806 2245 priorem
854 2160 1110 2227 illorum
1158 2160 1732 2246 grammaticorum
1777 2158 2220 2246 (utercumque
2264 2162 2442 2246 prior
2486 2157 2651 2246 erat)
2698 2161 2914 2245 ipsum
2960 2183 3213 2247 quoque
3257 2161 3542 2227 furatum
3590 2184 3732 2229 esse
3777 2166 4054 2229 constat.

2118 2391 2257 2459 ΠΙ.

1671 2545 1770 2601 De
1817 2543 2145 2615 Stephani
2189 2543 2693 2600 commentario.

648 2693 1126 2781 Stephanianae
1174 2715 1427 2781 quoque
1472 2693 1773 2780 Dionysii
1819 2694 2371 2780 interpretationis
2424 2694 2773 2780 particulas
2821 2714 3023 2779 usque
3078 2694 3159 2759 ad
3206 2693 3401 2759 finem
3450 2696 3843 2781 paragraphi
3889 2696 4053 2763 XIII

331 2821 411 2866 ex
447 2801 843 2867 scholiorum
869 2800 1335 2869 Vaticanorum
1371 2800 1751 2868 collectione
1787 2822 2116 2867 secernere
2143 2799 2775 2867 Hoerschelmannus
2814 2805 3082 2866 conatus
3122 2804 3249 2884 est,
3295 2802 3579 2867 auctoris
3607 2803 4051 2870 notationibus

326 2912 394 2973 et
438 2907 834 2985 scholiorum
881 2929 1129 2975 conexu
1172 2908 1242 2974 in
1288 2906 1663 2993 apographo
1708 2905 2191 2993 Hamburgensi
2233 2907 2429 2975 nisus.
2522 2928 2597 2973 ac
2641 2905 2905 2972 tametsi
2950 2904 3056 2970 hic
3100 2906 3220 2971 tali
3266 2906 3504 2973 auxilio
3550 2908 3646 2973 uti
3691 2909 4052 2994 nequimus,

328 3013 504 3099 quali
548 3013 787 3081 adiutis
838 3014 1028 3081 nobis
1076 3014 1354 3101 contigit
1387 3013 1819 3099 Melampodei
1865 3014 2309 3080 commentarii
2354 3011 2846 3097 restitutionem}
2883 3013 2964 3078 ab
3010 3010 3609 3083 Hoerschelmanno
3646 3016 4050 3101 propositam

325 3120 705 3187 confirmare
752 3118 960 3209 (nullo
1008 3121 1179 3187 enim
1223 3120 1442 3189 codice
1489 3119 1658 3206 quod
1707 3119 1903 3186 sciam
1953 3140 2241 3187 seorsum
2285 3118 2601 3205 Stephani
2645 3119 3099 3205 interpretatio
3145 3119 3389 3187 tradita
3433 3119 3590 3207 est),
3636 3125 3851 3188 tamen
3894 3123 4051 3209 quin

326 3227 523 3292 etiam
569 3228 677 3293 hic
723 3227 800 3293 de
846 3226 1167 3315 plerisque
1212 3227 1405 3295 rebus
1451 3230 1623 3293 recte
1670 3227 1753 3292 ab
1802 3226 1918 3292 illo
1964 3225 2319 3293 iudicatum
2366 3227 2455 3292 sit
2498 3249 2633 3294 non
2676 3226 3049 3293 dubitamus
3096 3248 3216 3293 nec
3259 3228 3387 3293 nisi
3430 3248 3578 3294 raro
3616 3227 4051 3295 dissentimus.

325 3332 500 3417 quod
546 3334 658 3400 ubi
700 3333 1067 3401 faciendum
1111 3333 1302 3400 nobis
1348 3334 1665 3417 videatur,
1707 3331 2048 3416 apparebit
2090 3354 2169 3398 ex
2212 3332 2444 3399 indice.

644 3439 720 3506 In
775 3440 1195 3526 posteriorem
1251 3444 1468 3506 autem
1523 3439 1913 3505 scholiorum
1969 3442 2219 3524 partem
2273 3438 2422 3504 inde
2479 3438 2561 3504 ab
2618 3440 2658 3520 ξ
2703 3436 2864 3503 XIV
2919 3438 3396 3525 inquirentibus
3451 3441 3638 3506 nobis
3694 3440 3759 3506 id
3810 3462 4046 3528 magno

324 3546 784 3631 impedimento
824 3551 952 3631 est,
996 3546 1170 3632 quod
1197 3546 1303 3612 hic
1340 3568 1499 3630 non,
1540 3549 1614 3612 ut
1656 3545 1728 3611 in
1753 3544 1965 3631 priore
1997 3548 2178 3631 parte
2205 3545 2450 3612 factum
2478 3544 2796 3628 videmuS,
2843 3543 3172 3632 longiores
3202 3546 3487 3612 eiusdem
3524 3547 3804 3615 auctoris
3852 3549 4048 3614 inter-

323 3652 720 3738 pretationes
777 3653 1121 3720 continuae
1174 3653 1258 3719 ad
1311 3656 1488 3719 totas
1541 3652 1986 3738 paragraphos
2038 3652 2436 3737 pertinentes
2491 3651 2561 3717 in
2615 3649 2934 3717 Vaticano
2997 3653 3078 3717 14
3134 3655 3201 3718 et
3253 3652 3491 3719 Hamb.
3548 3653 3879 3737 leguntur,
3935 3653 4050 3718 sed

323 3758 700 3843 plerumque
746 3760 1172 3844 complurium
1216 3760 1643 3845 interpretum
1687 3780 1891 3844 parva
1941 3757 2223 3825 frustula
2276 3757 2608 3824 confusius
2663 3757 3037 3843 commixta,
3093 3762 3159 3825 et
3209 3759 3382 3843 quod
3434 3779 3744 3844 persaepe
3790 3758 4048 3845 quidem

325 3866 421 3942 εἰς
463 3859 540 3931 τὸ
589 3858 752 3930 αὐτὸ
797 3863 908 3930 καὶ
953 3860 1172 3943 ἄλλως
1214 3866 1317 3932 vel
1364 3865 1602 3932 similia
1646 3869 1913 3932 monent
1959 3869 2034 3932 ut
2079 3886 2243 3952 quae
2281 3867 2636 3951 sequuntur
2674 3864 2787 3930 alii
2820 3864 3212 3948 tribuamus,
3258 3864 3372 3931 sed
3407 3887 3555 3932 raro
3592 3865 3736 3950 ipsa
3772 3864 4047 3931 scholia-

324 3976 574 4036 starum
620 3971 886 4037 nomina
930 3971 1256 4057 adscripta
1302 3976 1470 4040 sunt.
1560 3970 1828 4038 Accedit
1872 3970 2044 4057 quod
2087 3972 2159 4036 in
2202 3970 2325 4036 hac
2369 3971 2726 4056 posteriore
2772 3971 3174 4039 collectionis
3219 3970 3576 4039 Vaticanae
3632 3976 3817 4056 parte
3863 3976 4045 4037 nota-

322 4079 487 4146 tioni
532 4083 867 4145 auctorum
912 4099 1057 4144 eam
1102 4079 1183 4143 ab
1231 4100 1492 4146 causam
1538 4078 1868 4164 aliquanto
1914 4079 2126 4145 minor
2169 4077 2326 4143 fides
2371 4076 2672 4143 habenda
2719 4098 2860 4144 esse
2896 4077 3173 4160 videtur,
3220 4077 3373 4163 quia
3414 4078 3681 4143 nomina
3724 4100 4046 4164 nusquam

323 4184 459 4250 fere
505 4185 575 4252 in
617 4184 845 4253 mediis
891 4185 1183 4251 versibus
1231 4185 1451 4251 addita
1497 4188 1651 4253 sunt
1674 4185 1805 4265 sed
1852 4185 1922 4250 in
1966 4185 2258 4270 margine
2306 4183 2582 4270 adpicta.
2665 4184 2906 4249 etenim
2952 4205 3146 4269 quam
3191 4183 3380 4250 facile
3425 4184 3566 4249 fieri
3613 4185 3927 4269 potuerit,
3973 4191 4049 4253 ut

322 4291 447 4357 hac
486 4292 744 4357 ratione
788 4296 904 4359 aut
947 4313 1026 4358 ex
1070 4292 1423 4378 archetypo
1468 4296 1727 4377 recepta
1780 4295 1896 4358 aut
1945 4290 2228 4376 primum
2285 4289 2579 4357 adhibita
2622 4290 2925 4356 librarius
2983 4291 3125 4357 loco
3180 4289 3560 4376 adpingeret
3614 4291 3826 4358 alieno
3882 4313 4047 4377 quae

269 4440 279 4459 ι
321 4397 393 4463 in
449 4398 797 4484 archetypo
852 4397 1094 4464 iustum
1148 4396 1363 4464 locum
1415 4399 1754 4481 tenebant,
1808 4402 1874 4463 et
1927 4418 2044 4482 per
2097 4420 2166 4465 se
2221 4400 2403 4483 patet
2457 4402 2525 4464 et
2566 4394 3080 4483 Hamburgense
3121 4396 3549 4482 apographon
3602 4399 4045 4483 compluribus

322 4524 504 4569 exem
550 4504 633 4569 lis
677 4508 971 4570 testatur.

506 4525 549 4588 p
643 4608 911 4676 Summa
955 4584 1189 4677 deinde
1230 4611 1530 4677 cautione
1576 4633 1740 4697 opus
1785 4614 1885 4676 est
1928 4632 2009 4675 ne
2063 4609 2365 4676 labamur
2408 4611 2476 4676 in
2520 4610 2652 4676 illis
2699 4610 2910 4677 verbis
2955 4610 3209 4677 utendis
3266 4632 3428 4696 quae
3483 4611 3820 4697 sequentia
3879 4613 4045 4678 alius

321 4716 695 4800 interpretis
742 4738 880 4782 esse
925 4717 1232 4785 indicant.
1303 4739 1611 4803 persaepe
1657 4718 1832 4784 enim
1878 4717 1960 4783 ad
2002 4737 2211 4801 pauca
2253 4719 2512 4783 tantum
2557 4719 2893 4784 enuntiata
2934 4714 3047 4784 καὶ
3082 4713 3299 4795 ἄλλως
3338 4719 3644 4804 pertinet,
3689 4721 3843 4805 post
3879 4739 4043 4803 quae

320 4821 559 4908 prioris
605 4824 975 4909 interpretis
1021 4825 1388 4910 explanatio
1436 4825 1866 4893 continuatur.
1957 4823 2137 4891 cuius
2183 4824 2278 4890 rei
2323 4824 2716 4891 luculentum
2763 4825 3127 4910 exemplum
3172 4825 3441 4910 praebet
3486 4829 3525 4907 ἓ
3561 4824 3769 4908 XXV,
3814 4824 3928 4890 ubi
3974 4825 4045 4891 in

320 4928 472 4996 vat.
524 4930 606 4995 14
651 4931 1046 5016 adscriptum
1100 4936 1200 4998 est
1247 4927 1639 5018 Διομήδους
1690 4932 1759 4998 in
1804 4953 1931 5018 mg.
1978 4931 2060 4997 ad
2106 4930 2256 5016 957,
2306 4931 2612 5016 17-28;
2668 4934 3046 5016 sequuntur:
3093 4931 3251 5015 958,
3297 4932 3552 4999 6—17.
3599 4930 3937 5016 27-959,
3982 4932 4043 4998 2.

323 5036 474 5123 959,
519 5036 714 5104 5-7.
766 5037 1041 5123 12-14.
1087 5039 1237 5123 960,
1276 5040 1470 5107 3—7.
1521 5038 1796 5106 10—16.
1841 5038 2123 5106 23—25.
2170 5037 2464 5123 30-323
2509 5037 2738 5105 deinde
2783 5038 3185 5123 interpositis
3233 5039 3328 5117 εἰς
3362 5033 3436 5104 τὸ
3476 5030 3639 5103 αὐτὸ
3677 5034 3787 5103 καὶ
3825 5031 4045 5115 ἄλλως

321 5144 534 5211 verbis
580 5144 731 5229 955,
782 5144 1059 5214 11—30.
1105 5145 1255 5230 961,
1301 5144 1587 5212 21-25,
1629 5145 1779 5230 963,
1829 5146 2088 5212 18-24
2125 5148 2273 5213 cett.
2345 5142 2525 5209 Haec
2562 5146 2781 5211 autem
2819 5146 3036 5212 omnia
3071 5143 3424 5221 Diomedea
3461 5143 3564 5210 vel
3589 5140 4044 5228 Melampodea

3541 5264 3616 5320 38
