4809 5959
1919 500 2358 565 ...31-

1742 732 1782 812 g
1832 731 1914 795 10
1959 728 2111 794 vm.
2160 728 2270 815 (11
2320 728 2550 818 Bekk.)

1503 865 1756 942 ΠΕΡῘ
1806 872 2201 945 ΚοιΝίιΣ
2249 872 2792 943 ΣΥΔΛΑΒῇΣ

597 1011 856 1099 «Κοινὴ
903 1010 1203 1099 συλλαβὴ
1247 1017 1501 1098 γίνεται
1544 1010 1710 1080 κατὰ
1753 1010 2044 1100 τρόπους
2086 1025 2291 1098 τρεῖς,
2337 1011 2487 1100 ἤτοι
2534 1010 2696 1081 ὅταν
2743 1017 2838 1092 εἰς
2880 1014 3140 1100 μακρὸν
3188 1017 3461 1101 φωνῆεν
3507 1014 3674 1104 λήγῃ
3725 1017 3838 1084 καὶ
3880 1014 4003 1103 τὴν

278 1118 427 1205 ἑξῆς
472 1124 587 1208 ἔχῃ
634 1116 764 1187 ἀπὸ
812 1118 1201 1206 φωνήεντος
1242 1117 1652 1206 ἀρχομένην,
1710 1111 1859 1187 οἷον
1906 1115 2000 1187 οὔ
2043 1122 2124 1186 τί
2171 1143 2303 1205 μοι
2358 1124 2574 1206 αἰτίη
2631 1120 2831 1203 ἐσσί,
2885 1126 3073 1188 θεοί
3122 1120 3217 1189 νύ
3262 1147 3396 1208 μοι
3441 1128 3696 1190 αἴτιοί
3735 1127 4004 1191 εἰσιν».

272 1224 451 1293 Ἰδοὺ
505 1227 805 1295 ἐνταῦθα
858 1223 900 1314 ἡ
956 1233 1026 1294 δῖ
1081 1229 1459 1313 δίφθογγος
1513 1230 1606 1306 εἰς
1660 1223 1921 1313 μακρὸν
1974 1227 2254 1312 φωνῆεν
2303 1223 2490 1312 λήγει
2545 1224 2620 1294 τὸ
2678 1240 2730 1310 ῐ,
2782 1226 2894 1293 καὶ
2952 1223 2993 1313 ἡ
3053 1228 3200 1314 ἑξῆς
3254 1226 3518 1315 ἄρχεται
3575 1226 3703 1297 ἀπὸ
3763 1232 3881 1316 τῆς
3932 1236 4005 1296 &a
4040 1249 4073 1299 5

277 1330 697 1418 διφθόγγου,
752 1333 862 1400 καὶ
918 1332 1031 1401 διὰ
1073 1336 1273 1401 τοῦτο
1319 1333 1575 1418 λέγεται
1618 1329 1833 1420 κοινή.
1911 1327 2003 1399 Ἡ
2043 1329 2119 1399 δὲ
2170 1329 2367 1417 κοινὴ
2425 1330 2720 1419 συλλαβὴ
2765 1330 2946 1421 παρὰ
2987 1347 3126 1413 τοῖς
3169 1347 3499 1421 μετρικοτς
3551 1345 3643 1425 πῇ
3684 1335 3810 1424 μὲν
3854 1332 4003 1404 ἀντὶ

276 1440 531 1525 μακρᾶς
574 1441 665 1526 πῇ
710 1437 783 1506 δὲ
828 1434 977 1507 ἀντὶ
1031 1444 1344 1526 βραχείας
1395 1437 2010 1525 παραλαμβάνεται,
2053 1437 2165 1505 καὶ
2212 1437 2325 1505 διὰ
2367 1441 2567 1507 τοῦτο
2611 1441 2869 1524 λέγεται
2912 1436 3107 1526 κοινὴ
3153 1439 3467 1528 συλλαβή.
3550 1446 3638 1510 Εἰ
3680 1442 3754 1511 δὲ
3799 1443 4005 1530 θέλῃς

276 1542 401 1631 τὴν
446 1547 668 1612 αἰτίαν
711 1547 836 1612 τοῦ
869 1541 1227 1633 Ὁμηρικοῦ
1271 1549 1503 1632 στίχου
1547 1552 1824 1632 μαθεῖν,
1883 1547 2065 1611 ἔστιν
2114 1540 2342 1623 οὕτως.
2422 1541 2514 1611 Ἡ
2549 1541 2781 1631 Ἑλένη
2837 1540 3290 1633 ὀνειδιζομένη
3344 1543 3475 1614 ὑπὸ
3521 1547 3839 1635 Πριάμου
3891 1548 4002 1615 καὶ

275 1653 414 1719 τῶν
465 1654 721 1720 λοιπῶν
774 1648 1152 1739 ἀρχόντων,
1209 1650 1311 1721 ὅτι
1367 1649 1483 1719 διὰ
1535 1650 1611 1720 σὲ
1663 1648 1876 1719 πολλὰ
1929 1649 2099 1718 κακὰ
2151 1654 2478 1738 ἔγνωμεν,
2532 1651 2645 1719 καὶ
2698 1655 3283 1740 συγκαταθεμένης
3334 1650 3540 1741 αὐτῆς
3591 1654 3701 1722 καὶ
3760 1651 4003 1741 ἑαυτὴν

274 1757 831 1846 κατακρινούσης,
887 1757 1162 1847 ἐλεήσας
1204 1755 1418 1845 αὐτὴν
1463 1755 1500 1826 ὃ
1546 1763 1854 1846 Πρίαμος
1898 1755 2226 1845 ἀπεκρίθη
2270 1757 2394 1825 τὸν
2449 1762 2679 1844 στίχον
2721 1761 2963 1826 τοῦτον
3007 1761 3216 1846 λέγων
3251 1763 3345 1846 (Γ
3378 1760 3558 1848 164)·
3616 1758 3709 1828 οὔ
3752 1766 3831 1828 τί
3868 1786 4000 1848 μοι
4042 1782 4108 1832 10

279 1868 489 1951 αἰτίη
538 1865 738 1951 ἐσσί,
784 1871 976 1933 θεοί
1014 1864 1110 1933 νύ
1153 1892 1288 1952 μοι
1335 1870 1589 1934 αἴτιοί
1628 1867 1866 1949 εἰσιν,
1911 1864 2252 1933 τουτέστιν
2291 1861 2602 1952 οὐδαμῶς
2636 1891 2750 1952 μοι
2788 1867 3070 1952 γέγονας
3107 1864 3191 1933 σὺ
3227 1872 3438 1946 αἴτιος
3471 1870 3717 1952 κακῶν,
3763 1863 3907 1935 ἀλλ’
3941 1875 4009 1935 οἰ

276 1978 448 2040 θεοί.
537 1968 657 2039 «Ἢ
699 1969 862 2040 ὅταν
906 1977 1144 2059 βραχεῖ
1181 1967 1225 2059 ἢ
1272 1972 1751 2063 βραχυνομένφ
1807 1969 2148 2058 φωνήεντι
2204 1971 2592 2059 ἐπιφέρηται
2650 1969 2777 2039 δύο
2823 1970 3184 2060 σύμφωνα,
3239 1965 3336 2041 ῶν
3389 1971 3465 2041 τὸ
3515 1973 3639 2060 μὲν
3687 1972 4003 2059 δεύτερον

277 2074 721 2165 ἀμετάβολον,
767 2078 842 2147 τὸ
890 2077 964 2146 δὲ
1009 2076 1392 2166 ἡγούμενον
1426 2075 1585 2147 καθ’
1619 2080 1695 2147 ἓν
1730 2076 2014 2165 ἅφωνόν
2051 2080 2259 2165 ἐστιν,
2306 2071 2456 2146 οἷον
2490 2075 2907 2166 Πάτροκλέ
2947 2105 3081 2166 μοι
3120 2082 3340 2169 δειλῇ
3377 2087 3749 2148 πλεῖστον
3782 2105 4000 2167 κεχα·

278 2187 604 2272 ρισμένε
648 2187 937 2276 θυμῷ).
1003 2181 1183 2254 Ἰδοὺ
1227 2186 1339 2253 καὶ
1385 2187 1684 2254 ἐνταῦθα
1729 2182 1772 2273 ἡ
1818 2208 1921 2253 πα
1967 2183 2262 2271 συλλαβὴ
2309 2182 2505 2272 κοινή
2553 2185 2734 2253 ἐστιν
2782 2183 2897 2252 διὰ
2940 2183 3065 2272 τὴν
3110 2183 3444 2274 ἐπιφορὰν
3487 2189 3621 2255 τῶν
3668 2184 3795 2254 δύο
3842 2206 3999 2274 συμ-

276 2288 561 2378 φώνων,
605 2283 705 2360 ῶν
746 2290 822 2361 τὸ
868 2292 993 2380 μὲν
1039 2291 1358 2381 δεύτερόν
1402 2294 1584 2361 ἐστιν
1629 2289 2043 2380 ἀμετάβολον
2087 2289 2164 2359 τὸ
2204 2293 2277 2376 ὃ,
2320 2289 2423 2359 τὸ·
2447 2290 2523 2359 δὲ
2556 2289 3070 2378 προηγούμενον
3107 2290 3182 2360 τὸ
3227 2296 3266 2358 ἱ
3299 2295 3435 2361 τῶν
3473 2293 3668 2362 ἐννέα
3704 2289 4000 2379 ἀφώνων
4040 2313 4105 2363 16

278 2397 475 2465 ἐστίν.
561 2394 720 2465 Ἐὰν
766 2396 842 2466 δὲ
884 2399 1091 2487 θέλῃς
1132 2399 1245 2467 καὶ
1289 2397 1537 2467 τούτου
1587 2401 1710 2467 τοῦ
1765 2402 1995 2484 στίχου
2047 2393 2169 2482 τὴν
2225 2397 2532 2465 ἐπίλυσιν
2575 2401 2861 2483 γνῶναι,
2919 2402 3099 2466 ἔστιν
3156 2395 3381 2479 οὕτως.
3480 2397 4004 2487 Τελευτήσαντος

275 2507 399 2572 τοῦ
443 2504 844 2593 Πατρόκλου
889 2501 1302 2593 ὀδυρόμενος
1346 2502 1556 2574 αὐτὸν
1599 2501 1638 2573 ὁ
1679 2501 2012 2591 Ἀχιλλεὺς
2056 2504 2207 2591 (sie)
2252 2503 2327 2571 ἐν
2370 2516 2512 2583 τοῖς
2558 2505 2758 2582 ἰδίοις
2801 2508 3025 2590 ἔλεγεν
3062 2505 3160 2593 (Τ
3183 2505 3370 2594 287)·
3416 2504 3830 2593 Πάτροκλέ
3869 2531 4001 2593 μοι

279 2613 501 2699 δειλῇ
545 2617 919 2680 πλεῖστον
961 2614 1476 2700 κεχαρισμένε
1526 2613 1781 2702 θυμῷ,
1825 2611 2125 2679 τουτέστι
2165 2609 2514 2698 Πάτροκλε
2558 2607 2733 2678 πολὺ
2766 2607 3144 2697 ήγαπημένε
3191 2608 3355 2678 κατὰ
3391 2610 3641 2698 ψυχήν,
3689 2610 4000 2699 δήλωσόν

277 2742 394 2803 μοι
439 2715 723 2786 σεαυτὸν
773 2711 903 2785 κᾶν
954 2715 1095 2786 κατ’
1149 2716 1335 2807 ὄναρ.
1426 2712 1553 2785 CH
1598 2714 1762 2785 ὅταν
1817 2721 2092 2804 βραχεῖα
2147 2707 2316 2784 οὖσα
2369 2730 2803 2802 καταπεραιοι·
2851 2720 2947 2796 εἰς
2999 2718 3198 2806 μέρος
3250 2715 3460 2803 λόγου
3511 2717 3622 2786 καὶ
3675 2716 3801 2806 τὴν
3857 2719 4003 2806 ἑξῆς

278 2827 393 2911 ἔχῃ
431 2821 559 2892 ἀπὸ
596 2821 988 2911 φωνήεντος
1022 2821 1433 2912 ἀρχομένην,
1481 2819 1632 2893 οἷον
1660 2822 1751 2914 (Ξ
1782 2823 1845 2910 1)
1894 2823 2255 2910 Νέστορα
2293 2819 2357 2890 δ’
2397 2821 2540 2891 οὐκ
2578 2827 2864 2891 ἔλαθεν
2912 2823 3092 2911 ἰαχὴ
3137 2821 3469 2892 πίνοντά
3516 2847 3654 2914 περ
3703 2829 3998 2913 ἒμπης».
4036 2846 4105 2896 20

272 2928 452 2998 Ἰδοὺ
495 2931 605 2998 καὶ
651 2931 951 2999 ἐνταῦθα
996 2928 1038 3017 ἡ
1084 2938 1230 2999 θεν
1285 2929 1587 3017 συλλαβὴ
1638 2936 1914 3020 βραχεῖα
1969 2920 2139 2998 οὖσα
2193 2941 2626 3015 καταπεραιοῖ
2674 2934 2770 3009 εἰς
2820 2932 3020 3019 μέρος
3074 2929 3284 3018 λόγου
3335 2930 3446 2998 καὶ
3501 2927 3624 3019 τὴν
3677 2930 3825 3018 ἑξῆς
3869 2934 4000 3017 ἔχει

278 3035 409 3106 ἀπὸ
459 3041 585 3106 τοῦ
638 3049 681 3126 ἢ
735 3035 1123 3126 φωνήεντος
1174 3034 1571 3125 ἀρχομένην.
1650 3035 1741 3104 Ἡ
1788 3034 1865 3103 δὲ
1916 3037 2212 3116 ἐπίλυσις
2263 3040 2386 3104 τοῦ
2443 3043 2674 3124 στίχου
2730 3042 2910 3106 ἔστιν
2966 3034 3200 3117 οὕτως·
3260 3042 3494 3124 καίπερ
3548 3041 3827 3106 πίνοντα
3880 3035 3999 3105 τὸν

278 3145 588 3230 Νέστορα
635 3142 671 3213 ὁ
722 3135 882 3233 ἦχος
927 3142 1011 3212 οὐ
1058 3144 1392 3213 διέλαθεν.

899 3407 1098 3497 ΣῨΝ
1136 3412 1365 3497 ΘΕΩ]
1398 3405 1910 3497 ἘΡΜΗΝΕῘΑ
1962 3412 2153 3496 ΤΩΝ
2197 3399 2446 3497 imm
2496 3411 2825 3496 MEPs'zN
2873 3413 3048 3496 Toi‘
3088 3408 3392 3497 ΛόΓοΤ

1759 3594 1800 3671 g
1844 3590 1925 3655 12
1960 3589 2111 3658 Vhl.
2150 3588 2267 3675 (14
2302 3589 2529 3675 Bekk.)
4033 3625 4102 3675 ,ὅ

1662 3745 1938 3821 ΠΕΡῘ
2008 3734 2381 3821 bubata
2409 3766 2615 3819 1202:

600 3905 879 3994 «Ὂνομά
927 3908 1063 3975 ἐστι
1109 3909 1308 3996 μέρος
1353 3908 1561 3995 λόγου
1604 3907 1991 3977 πτωτικόν».
2085 3905 2311 3991 Μέρος
2354 3905 2566 3993 λόγου
2611 3907 2896 3992 λέγεται,
2943 3903 3044 3975 ὅτι
3091 3909 3166 3975 ἓν
3211 3909 3349 3972 τῶν
3394 3902 3560 3974 ὀκτῶ
3607 3909 3831 3994 μερῶν
3872 3909 3995 3974 τοῦ

277 4014 488 4103 λόγου
533 4014 741 4081 ἐστίν·
788 4011 1117 4082 πτωτικὸν
1163 4013 1236 4083 δὲ
1280 4015 1562 4100 λέγεται,
1609 4011 1713 4082 ὅτι
1755 4012 2035 4094 πτώσεις
2079 4013 2461 4099 ἐπιδέχεται.
2533 4016 2788 4101 «Σῶμα
2835 4008 2877 4101 ἢ
2920 4016 3188 4101 πρᾶγμα
3233 4025 3625 4099 σημαῖνον».
3699 4016 3994 4081 Γίνωσκε

280 4121 356 4192 δὲ
400 4120 504 4190 ὅτι
549 4118 713 4189 κατὰ
760 4119 1254 4208 γραμματικοὺς
1299 4120 1489 4208 σῶμά
1533 4120 1670 4188 ἐστι
1713 4123 1851 4188 πᾶν
1893 4118 1969 4189 τὸ
2015 4117 2157 4208 ἁφῇ
2199 4119 2689 4207 κρατούμενον,
2738 4122 3006 4207 πρᾶγμα
3051 4119 3128 4186 δὲ
3172 4118 3248 4187 τὸ
3294 4116 3384 4206 μὴ
3428 4121 3508 4206 τῇ
3543 4116 3685 4207 ἀφῇ
3721 4119 3993 4207 κρατού-

279 4254 519 4316 μενον,
566 4226 731 4296 ἀλλᾶ
776 4230 868 4318 τῶ
917 4230 1028 4320 νῷ.
1119 4231 1430 4308 «Κοινῶς
1472 4253 1541 4296 τε
1585 4227 1698 4295 καὶ
1746 4231 1934 4307 ἰδίως
1976 4226 2370 4314 λεγόμενον,
2425 4229 2669 4306 κοινῶς
2719 4226 2844 4313 μὲν
2891 4222 3039 4295 οἷον
3089 4224 3514 4312 ἄνθρωπος
3567 4228 3863 4305 &autogr
3917 4224 3993 4293 τὸ
4031 4247 4100 4297 30

280 4377 431 4385 ..μ-

595 4439 824 4498 DISCR.
865 4441 1014 4498 SCR.
1053 4441 1131 4495 IN
1169 4441 1338 4497 LHR
1407 4441 1445 4496 8
1482 4448 1630 4510 τρεῖς
1663 4439 1904 4511 τρόπους
1941 4440 2003 4494 Η
2050 4443 2061 4510 Ι
2099 4441 2328 4510 φωνῆεν
2365 4435 2584 4511 μακρὸν
2621 4440 2688 4494 Η
2725 4441 2745 4509 Ι
2787 4438 2826 4493 4
2864 4437 2980 4510 ἔχει
3015 4439 3146 4493 LH
3180 4442 3200 4509 Π
3244 4440 3282 4496 5
3319 4434 3578 4512 ἄρχεται]
3624 4437 3846 4510 ἔρχεται
3881 4439 3937 4495 Β
3975 4452 3998 4523 Η

282 4530 310 4585 7
351 4531 696 4603 παραλαμβ.]
734 4531 897 4601 λαμβ.
927 4530 994 4584 H
1019 4532 1027 4597 Ι
1057 4530 1252 4592 θέλεις
1280 4529 1347 4583 Η
1365 4531 1388 4599 fl
1414 4529 1450 4583 8
1488 4528 1639 4585 ἔστιν
1677 4523 1854 4594 οὗτος
1889 4530 1949 4585 in
1984 4549 2097 4603 mg.
2136 4530 2203 4584 H
2223 4531 2243 4599 ΙΙ
2271 4529 2347 4585 10
2378 4529 2573 4600 λέγων.
2613 4523 2876 4599 οὐδαμῶς
2911 4523 3035 4585 οὔτι
3072 4547 3168 4599 μοι
3204 4526 3260 4582 Β
3285 4530 3307 4598 Β
3334 4526 3405 4582 11
3443 4529 3636 4584 κακῶν
3673 4531 3853 4594 αἴτιος
3879 4529 3948 4583 H
3975 4526 3998 4599 ΙΙ

281 4618 354 4675 12
390 4611 530 4675 ὅταν
569 4616 668 4689 ἔχη
707 4618 979 4689 βραχεῑί
1005 4621 1026 4689 Β
1053 4618 1126 4675 18
1163 4617 1345 4690 δειλῇ]
1383 4616 1613 4689 δήλοιΙΞ
1650 4620 1820 4688 δηλοῖ
1845 4618 1908 4675 δὲ
1948 4618 2004 4675 Β
2034 4620 2045 4689 Ι
2075 4623 2304 4674 πλεῖστα
2341 4619 2409 4673 H
2434 4620 2445 4689 Ι
2476 4617 2618 4690 nep]
2654 4617 2753 4673 καὶ
2788 4615 3102 4688 χαρισμένω
3140 4616 3192 4672 L
3217 4618 3239 4686 fl
3267 4616 3339 4675 15
3375 4613 3439 4672 τὸ
3475 4620 3510 4670 ἶ
3543 4614 3610 4674 ἲν
3647 4619 3757 4673 τῶν
3795 4612 3909 4673 ἐνν.
3938 4616 3995 4673 Β

276 4710 296 4781 Η
334 4708 403 4762 17
445 4703 622 4764 αὖτοῦ
663 4707 718 4765 Β
760 4710 782 4778 Ι
828 4708 901 4763 18
938 4704 1098 4778 δήλοι
1132 4709 1361 4762 πλίστον
1397 4706 1497 4762 καὶ
1532 4707 1828 4778 χαρισμένε
1859 4707 1913 4762 L
1959 4710 1970 4777 Ι
2017 4711 2248 4764 πλεῖστα
2288 4709 2356 4764 Η
2395 4711 2404 4777 Ι
2455 4727 2550 4779 μοι
2586 4708 2714 4764 add.
2744 4710 2875 4763 ante
2914 4704 3054 4764 πολὺ
3083 4707 3150 4762 Η
3169 4709 3190 4777 Ι
3224 4706 3302 4763 20
3340 4704 3458 4778 ἔχει
3492 4706 3621 4762 LH
3646 4711 3655 4775 Ι
3687 4702 3721 4777 ἡ
3759 4701 3868 4777 ἀχή
3898 4706 3950 4760 L
3977 4707 3994 4777 ss

277 4796 353 4853 22
394 4792 426 4865 ἡ
464 4794 529 4852 δὲ
571 4791 711 4853 ἐπιλ.
750 4827 816 4837 —-
856 4789 1034 4861 οὕτως
1068 4813 1176 4854 om.
1216 4795 1282 4851 H

598 4902 825 4960 DISCR.
867 4902 1015 4960 SCR.
1052 4902 1133 4959 IN
1169 4902 1452 4959 LHRKP
1487 4902 1565 4958 24
1600 4920 1711 4959 om.
1740 4902 1797 4958 R
1826 4905 1836 4971 Ι
1866 4880 2036 4958 ΣΫΝ
2070 4888 2261 4958 ΘΕὲῖΙ
2293 4920 2402 4960 om.
2425 4904 2492 4958 H
2517 4899 2708 4979 [Ἀρχὴ
2747 4899 2852 4960 οὖν
2878 4904 3001 4959 θεῶ
3040 4904 3150 4960 τῶν
3187 4898 3241 4973 η’
3271 4924 3324 4974 μ.
3354 4922 3401 4958 τ.
3430 4906 3475 4960 λ.
3500 4902 3557 4957 P
3577 4905 3600 4972 fl
3624 4901 3701 4958 28
3735 4903 3864 4973 post
3896 4918 3990 4970 ση-

279 4996 485 5061 μαῖνον
519 4990 646 5046 add.
684 4988 843 5062 σῶμα
879 4990 985 5061 μὲν
1022 4992 1145 5048 οἷον
1179 4993 1343 5056 λίθος
1378 4986 1611 5062 πράγμα
1648 4989 1711 5045 δὲ
1751 4988 1875 5046 οἷον
1910 4993 2147 5048 παιδεῖαι
2187 4992 2280 5060 ΡΙ
2310 4993 2548 5061 γίνωσκε
2597 5024 2655 5033 --
2692 4986 3115 5063 γραμματικῶς
3152 5006 3262 5046 om.
3300 4990 3367 5044 H
3385 4993 3407 5060 Ι
3441 4989 3516 5045 29
3551 4988 3616 5045 τὸ
3653 4987 3723 5047 οὐ
3761 4984 3989 5061 μετάφῆ

277 5077 663 5151 κρατούμενον
699 5076 856 5148 παρὰ
891 5079 969 5154 τῷ
1006 5082 1110 5136 νωῒ
1144 5079 1201 5136 Β
1244 5084 1264 5151 ΙΙ
1307 5080 1385 5137 80
1418 5082 1548 5151 post
1580 5073 1847 5149 κρατοόμ.
1887 5080 2012 5136 add.
2050 5076 2197 5137 κατὰ
2224 5077 2646 5151 γραμματικοός
2673 5079 2743 5135 H
2764 5083 2776 5151 Ι
2805 5083 2936 5150 pont
2970 5079 3051 5152 νᾷ
3090 5079 3219 5136 add.
3248 5077 3372 5135 οἷον
3397 5074 3540 5142 θεὸς
3566 5073 3790 5152 ἄνεμος.
3855 5099 3988 5136 παι-

278 5171 407 5224 δεία
447 5164 738 5238 ἐπιστήμη.
813 5168 911 5224 καὶ
948 5165 1016 5223 τὰ
1055 5162 1225 5240 ὅμοια
1269 5168 1361 5239 ΡΙ
1393 5168 1479 5241 τε]
1518 5167 1624 5240 μέν
1663 5168 1719 5224 Ρ
