4809 5959
656 1618 1074 1694 Scholiorum
1111 1624 1180 1689 in
1208 1623 1512 1710 Dionysii
1540 1623 1813 1691 Thracis
1853 1627 2057 1689 artem
2095 1622 2590 1710 grammaticam
2628 1645 2667 1688 a
2703 1623 2990 1708 byzantii
3017 1624 3162 1691 aevi
3200 1624 3512 1691 technicis
3552 1625 4059 1711 compositorum

335 1736 579 1819 quanta
615 1736 786 1798 esset
821 1730 1200 1815 auctoritaS‚
1246 1732 1473 1814 utpote
1510 1752 1782 1818 quorum
1821 1749 2058 1816 magna
2094 1752 2245 1816 pars
2283 1751 2361 1795 ex
2391 1730 2803 1817 antiquorum
2831 1732 3400 1816 grammaticorum
3427 1731 3719 1798 fluxisset
3745 1732 4060 1818 doctrina,

333 1839 467 1904 iam
512 1838 762 1924 pridem
807 1841 1271 1923 perspexerant
1314 1834 1717 1904 Bentleius
1763 1834 2306 1903 PBurmannus
2353 1835 2989 1922 Valckenaerius‚
3035 1838 3146 1924 qui
3189 1842 3412 1902 tamen
3460 1837 3752 1923 singulos
3800 1840 4057 1902 tantum

334 1944 515 2010 locos
564 1966 597 2010 e
644 1943 972 2011 codicibus
1018 1943 1344 2029 protulere
1400 1939 1509 2031 (de
1555 1943 1811 2009 Phalar.
1858 1943 2042 2029 epist.
2079 1965 2139 2028 p.
2178 1942 2310 2009 254
2337 1941 2437 2025 D.,
2482 1941 2565 2007 ad
2600 1939 2848 2008 Valesii
2891 1943 3132 2009 librum
3178 1942 3255 2008 de
3301 1965 3370 2008 re
3416 1944 3554 2009 crit.
3599 1943 3633 2009 Ι
3678 1966 3740 2028 p.
3784 1944 3928 2027 145,
3973 1943 4057 2009 ad

334 2052 636 2119 Ammon.
683 2051 760 2117 de
806 2050 1007 2117 differ.
1052 2073 1115 2136 p.
1151 2048 1290 2136 55).
1378 2048 1659 2116 Maiores
1707 2052 1927 2136 partes
1972 2050 2219 2135 primus
2256 2045 2753 2113 Villoisonus
2797 2047 3043 2133 publici
3086 2048 3249 2113 iuris
3295 2047 3452 2114 fe’cit
3497 2071 3532 2115 e
3578 2048 3828 2116 duobus
3874 2050 4056 2119 libris

334 2158 682 2226 Marcianis
727 2158 860 2225 489
909 2160 974 2223 et
1020 2156 1151 2223 652
1198 2155 1313 2244 (=
1361 2157 1548 2223 class.
1584 2157 1855 2242 append.
1899 2158 1998 2241 11,
2025 2157 2098 2238 4)
2145 2156 2216 2220 in
2251 2154 2740 2221 Anecdotorum
2787 2176 3050 2220 suorum
3087 2153 3153 2219 Π
3189 2176 3250 2238 p.
3286 2155 3410 2220 103
3440 2176 3613 2242 seqq.
3679 2153 4058 2240 Copiosissi·

336 2288 475 2331 mas
521 2270 739 2332 autem
784 2265 985 2331 totius
1033 2264 1192 2329 artis
1238 2264 1730 2350 explanationes
1782 2263 1982 2329 edidit
2025 2260 2465 2327 IBekkerus
2511 2259 2633 2326 AG
2677 2259 2743 2325 Π
2787 2282 2846 2345 p.
2895 2261 3265 2327 647—972
3312 2261 3528 2327 codice
3573 2261 4057 2348 Hamburgensi

336 2369 386 2436 O
432 2372 511 2438 13
559 2372 972 2456 potissimum
1016 2392 1200 2453 usus,
1246 2370 1481 2456 quibus
1528 2370 1598 2435 in
1634 2368 1733 2434 111
1770 2369 1896 2434 vol.
1932 2390 1995 2453 p.
2038 2367 2300 2434 1136—
2321 2368 2493 2435 1180
2539 2370 2605 2433 et
2651 2367 3118 2452 discrepantias
3164 2372 3231 2433 et
3275 2368 3729 2453 supplementa
3773 2390 3850 2434 ex
3897 2391 4056 2436 non-

332 2478 533 2545 nullis
581 2478 724 2544 aliis
771 2477 957 2544 libris
1002 2476 1383 2562 deprompta
1431 2475 1741 2542 adiunxit.
1830 2474 1991 2540 Post
2037 2473 2402 2540 Bekkerum
2449 2471 2988 2560 Goettlingius
3034 2496 3112 2541 ex
3161 2473 3473 2540 Parisinis
3529 2475 3704 2540 2553
3762 2479 3827 2540 et
3882 2475 4058 2542 2555

335 2585 811 2669 expositionum
857 2584 1426 2670 grammaticarum
1470 2583 1864 2668 farraginem
1910 2581 2256 2648 Theodosii
2300 2581 2560 2646 nomine
2605 2601 2942 2664 perperam
2979 2584 3278 2646 ornatam
3314 2580 3543 2667 edidit,
3589 2603 3751 2666 quae
3798 2582 3942 2667 ipsa
3986 2583 4056 2647 in

335 2689 730 2757 scholiorum
760 2772 764 2776 Δ
790 2689 1339 2775 Dionysianorum
1398 2710 1664 2755 numero
1723 2686 2022 2754 habenda
2080 2690 2231 2756 est..
2299 2685 2549 2751 Deinde
2610 2685 2923 2751 adnotata
2986 2687 3068 2751 ad
3125 2685 3519 2772 Dionysium
3578 2687 3786 2753 bonae
3846 2688 4055 2774 frugis

333 2796 552 2882 plena,
593 2799 1157 2890 quorumpartem
1193 2816 1269 2860 ex
1304 2794 1536 2861 Lucilli
1564 2793 1875 2860 Tarrhaei
1912 2793 2207 2859 doctrina
2242 2814 2663 2878 promanasse
2700 2795 2984 2877 constat,
3030 2814 3108 2857 ex
3145 2793 3281 2859 cod.
3308 2792 3474 2860 Mus.
3502 2793 3662 2860 Brit.
3691 2793 3852 2861 Add.
3879 2795 4053 2862 5118

335 2903 657 2988 excerpsit
702 2899 1011 2967 Cramer
1055 2899 1181 2967 AO
1228 2899 1325 2967 IV
1371 2924 1429 2987 p.
1471 2901 1600 2967 308
1630 2922 1806 2989 seqq.
1880 2897 2127 2976 Quibus
2176 2898 2492 2965 accedunt
2535 2899 2661 2964 hoc
2707 2897 2929 2964 libello
2975 2899 3318 2964 nonnullae
3365 2899 3931 2984 interpretationes
3978 2922 4057 2966 ex

333 3005 731 3075 Barocciano
774 3008 899 3074 116
939 3010 1004 3073 et
1038 3005 1368 3076 Marciano
1407 3008 1537 3074 489
1577 3010 1644 3073 et
1678 3006 1838 3093 Reg.
1875 3005 2235 3071 Havniensi
2276 3004 2447 3071 1965
2492 3008 2859 3089 protractae
2905 3008 2971 3068 et
3015 3006 3586 3071 commentariolus
3622 3004 3787 3071 VIII
3824 3007 3925 3071 vel
3961 3005 4056 3070 IX

334 3116 620 3200 saeculo,
665 3117 740 3180 ut
784 3113 1061 3198 videtur,
1127 3114 1555 3199 compositus,
1615 3114 1795 3180 cuius
1863 3113 2013 3198 quia
2075 3110 2357 3176 frustula
2424 3112 2633 3177 solum
2694 3131 3015 3196 perpauca
3073 3109 3402 3177 Bekkerus
3469 3110 3695 3196 edidit,
3759 3111 4054 3197 equidem

333 3220 660 3308 integrum
708 3242 855 3287 eum
902 3220 1148 3307 publici
1192 3220 1350 3286 iuris
1395 3220 1535 3287 feci.

653 3325 750 3391 De
815 3327 1187 3393 auctoribus
1254 3326 1647 3392 scholiorum
1710 3324 2263 3411 Dionysianorum
2324 3325 2570 3409 primus
2636 3324 3027 3419 Prellerus
3094 3324 3451 3409 disputavit
3511 3324 3641 3389 ind.
3703 3324 4054 3391 lectionum

333 3431 606 3524 Dorpat.
658 3434 829 3501 1840
876 3430 990 3520 (--
1029 3434 1330 3519 AusgeW.
1368 3431 1553 3499 Aufs.
1589 3455 1651 3517 p.
1690 3430 2013 3513 69—93),
2061 3432 2169 3515 qui
2212 3431 2379 3497 libro
2418 3430 2905 3516 Hamburgensi
2952 3452 3098 3495 cum
3143 3430 3426 3497 editione
3463 3429 3868 3496 Bekkeriana
3904 3453 4055 3497 con-

332 3537 470 3604 lato
519 3538 802 3604 ostendit
846 3537 1163 3604 editorem
1209 3537 1697 3622 explanationes
1744 3536 2167 3622 interpretum
2204 3537 2658 3622 complurium,
2707 3559 2870 3623 quas
2914 3536 3027 3602 ille
3074 3536 3273 3603 codex
3320 3560 3379 3622 p.
3422 3538 3728 3603 33—278
3777 3537 4056 3620 exhibet,

228 3708 233 3715 ,
334 3642 721 3709 dissecuisse
769 3645 835 3708 et
880 3644 1230 3728 particulas
1280 3644 1400 3709 sub
1440 3644 1712 3729 singulis
1749 3643 2014 3709 technes
2052 3642 2375 3709 lemmatis
2415 3643 2884 3728 composuisse,
2929 3644 3195 3708 nomina
3232 3646 3450 3709 autem
3489 3648 3844 3727 auctorum,
3890 3664 4055 3727 quae

333 3747 852 3836 Hamburgensis
898 3750 965 3815 in
1013 3750 1228 3816 fronte
1275 3750 1683 3835 singulorum
1736 3750 2287 3834 interpretationis
2344 3750 2631 3836 capitum
2677 3750 2967 3834 praebet,
3023 3771 3155 3814 non
3210 3750 3588 3835 adposuisse
3643 3750 3771 3815 nisi
3825 3750 4052 3834 primis

335 3855 698 3942 quibusque
735 3855 976 3921 frustis.
1040 3854 1180 3921 Iam
1206 3855 1528 3921 Prellerus
1568 3860 1813 3941 septem
1850 3858 2089 3940 primas
2126 3857 2285 3921 artis
2323 3855 2767 3942 paragraphos
2804 3877 3184 3940 percurrens
3224 3856 3615 3942 significavit
3658 3855 4054 3922 scholiorum

333 3962 403 4027 in
440 3961 923 4048 Hamburgensi
969 3961 1134 4027 libro
1182 3983 1496 4028 conexum
1544 3966 1609 4029 et
1654 3962 1807 4047 quid
1851 3962 2001 4027 hinc
2047 3960 2124 4027 de
2172 3963 2577 4049 singulorum
2624 3962 2994 4027 auctoribus
3034 3961 3471 4047 colligendum
3506 3962 3699 4027 esset.
3769 3961 3866 4026 Ac
3900 3962 4056 4028 licet

332 4091 416 4134 ne
462 4069 600 4153 ipse
649 4067 906 4153 quidem
952 4089 1095 4132 eam
1142 4091 1271 4154 qua
1317 4088 1479 4154 opus
1527 4072 1668 4134 erat
1712 4067 2115 4154 diligentiam
2163 4068 2530 4134 adhibuerit
2574 4068 2684 4134 sed
2730 4068 3048 4134 nonnulla
3092 4067 3474 4155 neglexerit,
3521 4068 3667 4133 aliis
3715 4068 3874 4133 locis
3922 4068 4052 4134 sin-

337 4175 551 4260 gulari
596 4174 770 4239 illius
821 4174 1221 4259 compaginis
1264 4173 1481 4239 indole
1527 4175 1597 4239 in
1643 4195 1926 4240 errorem
1972 4173 2272 4241 inductus
2313 4176 2427 4260 sit,
2473 4179 2691 4241 tamen
2735 4176 2991 4263 magnis
3030 4176 3331 4242 laudibus
3365 4174 3579 4240 efferri
3616 4175 3836 4261 debet,
3883 4176 4054 4260 quod

335 4281 503 4347 hanc
557 4280 1033 4367 quaestionem,
1088 4301 1251 4366 quae
1307 4284 1409 4345 est
1463 4279 1539 4345 de
1594 4280 1858 4346 technes
1904 4279 2342 4366 Dionysianae
2396 4283 3040 4367 interpretationibus
3096 4283 3265 4347 inter
3320 4282 3610 4368 singulos
3666 4282 4052 4348 scholiastas

337 4386 829 4473 distribuendis,
874 4386 1123 4452 solvere
1168 4387 1416 4471 primus
1464 4391 1735 4453 conatus
1782 4389 1883 4452 est
1919 4388 2432 4474 monstravitque
2481 4390 2654 4456 viam
2701 4412 2775 4455 ac
2810 4390 3148 4454 rationem.
3221 4386 3393 4454 Nam
3431 4399 3703 4474 apparet
3739 4393 4053 4475 quantum

336 4498 403 4560 et
450 4494 530 4559 ad
574 4493 916 4559 historiam
972 4492 1543 4580 grammaticorum
1589 4515 1963 4580 graecorum
2022 4494 2535 4580 componendam
2591 4498 2657 4561 et
2711 4495 2791 4561 ad
2837 4494 3219 4577 Dionysium
3256 4494 3740 4561 ‘restituendum
3794 4495 4057 4562 intersit

336 4599 503 4666 hanc
547 4606 800 4667 vastam
846 4601 1084 4666 molem
1129 4599 1338 4686 digeri
1385 4603 1477 4685 et,
1533 4601 1744 4686 quoad
1790 4602 1931 4668 fieri
1975 4602 2211 4688 possit,
2269 4624 2456 4667 suum
2502 4602 2731 4687 cuique
2777 4601 2974 4668 reddi.
3063 4600 3405 4689 Ingressus
3452 4604 3668 4667 autem
3724 4606 3824 4668 est
3868 4602 4054 4667 illam

335 4708 510 4772 viam
568 4713 723 4793 post
784 4707 1138 4773 Prellerum
1202 4706 1957 4774 Hoerschelmannus
2020 4708 2092 4774 in
2155 4707 2308 4773 diss.
2372 4707 2451 4772 de
2509 4706 2812 4792 Dionysii
2875 4707 3142 4774 Thracis
3208 4707 3661 4791 interpretibus
3728 4709 4054 4774 veteribus

337 4810 543 4899 (Lips.
593 4812 822 4901 1874),
877 4818 944 4878 et
989 4835 1132 4879 cum
1186 4835 1320 4881 non
1367 4814 1579 4881 solum
1626 4819 1928 4881 accurata
1974 4815 2214 4881 codicis
2258 4814 2493 4880 Hamb.
2541 4815 2888 4881 collatione
2945 4819 3011 4882 et
3065 4816 3156 4881 eis
3213 4836 3378 4902 quae
3424 4813 4053 4880 Wachsmuthius

339 4942 373 4985 e
421 4919 635 4986 codice
682 4920 959 5007 quodam
1006 4920 1441 5006 Neapolitano
1487 4921 1557 4986 in
1601 4920 1768 4987 Mus.
1806 4920 2009 4989 Rhen.
2053 4923 2223 4990 1865
2267 4944 2329 5007 p.
2367 4920 2499 4988 375
2529 4943 2702 5008 seqq.
2747 4923 3131 5008 protulerat,
3179 4921 3292 4987 sed
3339 4920 3534 4987 etiam
3579 4922 3826 5007 insigni
3872 4941 4055 5008 saga-

339 5027 533 5092 citate
588 5026 1021 5113 adiuvaretur,
1076 5028 1171 5093 ita
1225 5028 1301 5093 de
1355 5028 1682 5114 prioribus
1736 5029 2044 5095 tredecim
2096 5027 2522 5114 paragraphis
2578 5028 2958 5114 disputavit,
3022 5033 3096 5095 ut
3147 5029 3218 5094 in
3269 5028 3392 5093 hac
3447 5028 4054 5094 commentariorum

338 5136 521 5218 parte
575 5154 711 5198 rem
764 5155 965 5218 paene
1021 5134 1388 5200 absolveret
1433 5138 1499 5199 et
1544 5134 1752 5201 multa
1796 5137 2218 5221 perspiceret,
2272 5157 2436 5222 quae
2493 5134 2818 5201 codicibus
2873 5136 3000 5220 ipsi
3056 5158 3192 5201 non
3247 5133 3524 5220 cognitis
3580 5134 3773 5218 plane
3825 5137 4056 5202 confir·

3556 5256 3630 5311 1*
