4809 5959
2447 442 2889 507 -12-

1126 622 1168 701 ἓ
1214 619 1318 686 25.
1388 616 1562 704 Περὶ
1606 617 2006 704 συνδέσμου.
2068 618 2219 703 951,
2263 618 2593 703 26-953,
2638 618 2721 684 21
2771 619 3082 704 (exceptis
3128 614 3715 704 adnotationibus);
3760 618 3997 683 lemma
4040 617 4193 701 956,
4238 616 4519 700 17-33,

807 727 959 812 957,
1001 727 1285 808 11-15,
1331 722 1459 791 εἰσὶ
1507 721 1582 790 δὲ
1627 724 1751 810 μέν
1790 761 1870 773 -
1910 722 2029 791 κέν
2063 720 2168 791 ἄν.
2205 723 2357 810 957,
2394 723 2722 809 30-958,
2759 725 2831 808 8,
2874 725 3027 803 958,
3068 724 3359 807 19-26,
3405 723 3563 809 959,
3598 725 3661 790 4.
3705 724 3944 790 9-11.
3982 725 4093 808 16,
4137 723 4290 806 960,
4324 722 4389 788 9.
4428 724 4523 789 22.

809 832 1102 916 27-29,
1149 832 1385 897 lemma
1431 830 1869 911 διαζευκτικοὶ
1919 869 1994 879 -
2045 825 2140 916 ἠέ.
2185 831 2336 915 962,
2380 830 2708 915 27-963,
2747 831 2857 913 13,
2900 830 3052 916 963,
3086 831 3417 913 25-964,
3459 829 3567 916 15,
3613 830 3764 915 966,
3809 831 4007 916 1-6,
4052 831 4203 915 969,
4238 830 4525 912 26-33,

811 940 1064 1005 lemma.
1109 938 1262 1022 971,
1311 939 1541 1005 1—22.
1611 939 1701 1004 Οἱ
1742 936 1816 1004 δὲ
1864 934 2411 1023 ἐναντιωματικοὶ
2459 937 2660 1022 δῆλοί
2698 939 2871 1003 εἰσιν
2914 932 3006 1015 ὥς
3047 934 3125 1004 τὸ
3170 936 3483 1003 ἐναντίον
3523 938 3605 1023 τῇ
3651 933 3937 1023 δυνάμει
3979 937 4105 1003 τοῦ
4146 933 4525 1022 πράγματος

811 1045 1162 1129 δηλοῦσιν·
1218 1039 1512 1129 ἀσθενὴς
1555 1041 1679 1129 μὲν
1724 1042 1885 1129 ἐγώ,
1941 1040 2029 1110 σὺ
2073 1040 2148 1108 δὲ
2193 1040 2493 1128 ἰσχυρός·
2546 1040 2656 1108 καὶ
2712 1036 2893 1126 ὅμως
2945 1037 3242 1127 ἀσθενὴς
3285 1034 3384 1108 (ὃν
3430 1038 3700 1126 ἐνίκησά
3747 1061 3848 1107 σε·
3902 1037 4166 1128 μακρὰν
4221 1040 4527 1129 ἱστάμην,

811 1147 991 1236 ὅμως
1033 1146 1290 1235 ἤκουσά
1336 1167 1463 1216 σου
1510 1151 1893 1227 λαλοῦντος.

2623 1308 2723 1375 Π.

1817 1462 1915 1519 De
1960 1459 2446 1518 commentario
2491 1459 2940 1530 Melampodis
2983 1473 3110 1517 seu
3153 1460 3518 1517 Diomedis.

1130 1611 1270 1676 Iam
1317 1612 1770 1698 aggrediamur
1816 1612 1897 1676 ad
1943 1611 2429 1722 discernendam
2475 1632 2618 1675 eam
2662 1609 3052 1676 scholiorum
3097 1610 3516 1697 farraginem,
3571 1605 3766 1696 quam
3813 1633 3848 1677 e
3894 1611 4030 1678 cod.
4074 1610 4399 1678 Vaticano
4450 1615 4527 1678 14

809 1718 925 1784 fol.
973 1718 1398 1784 33v—131v
1444 1717 1775 1784 Bekkerus
1821 1718 2023 1783 edidit
2068 1723 2134 1784 et
2177 1739 2255 1783 ex
2299 1716 2781 1802 Hamburgensi
2823 1737 2887 1800 p.
2937 1717 3330 1796 101-278‚
3377 1738 3566 1802 quem
3611 1718 3694 1784 ab
3741 1716 4146 1785 LHolstenio
4193 1739 4273 1784 ex
4319 1716 4528 1785 Vatic-

812 1824 1203 1909 descriptum
1250 1847 1391 1891 esse
1438 1830 1575 1890 tum
1620 1826 1789 1890 lectu
1833 1824 2123 1890 faciliore
2172 1824 2479 1910 opinatur
2516 1809 2729 1889 'editor
2774 1824 2861 1907 (p.
2896 1820 3114 1905 1137).
3188 1845 3262 1889 ac
3306 1844 3530 1889 revera
3553 1821 3945 1890 Vaticanum
3987 1826 4071 1890 14
4105 1823 4529 1909 archetypum

813 1951 954 1997 esse
999 1931 1229 1997 harum
1274 1931 1784 2018 Hamburgensis
1832 1930 2194 2016 apographi
2241 1932 2626 2017 paginarum
2673 1933 2739 1993 et
2783 1928 2991 1993 simile
3037 1949 3191 1993 sane
3237 1930 3372 1994 veri
3418 1950 3557 1994 esse
3600 1929 3816 2015 illum,
3872 1931 4051 1995 cuius
4097 1930 4291 1996 lectio
4338 1930 4529 1996 hodie

809 2027 1149 2122 permultis
1195 2038 1354 2103 locis
1401 2038 1587 2103 valde
1633 2037 1997 2123 impeditur,
2043 2038 2302 2104 saeculo
2339 2036 2536 2102 XVII
2582 2036 2835 2102 facilius
2889 2035 3021 2150 legi
3073 2036 3360 2119 potuisse
3386 2034 3692 2121 Vhligius
3739 2036 4041 2102 affirmat.
4114 2036 4227 2103 sed
4273 2041 4529 2102 tantum

812 2145 997 2210 abest
1039 2149 1115 2209 ut
1158 2166 1300 2209 eam
1347 2144 1431 2210 ob
1478 2165 1740 2210 causam
1778 2143 2157 2229 apographo
2193 2148 2528 2229 tamquam
2563 2143 2826 2209 meliore
2863 2141 3278 2208 fundamento
3315 2143 3413 2208 uti
3449 2143 3803 2228 possimus,
3848 2147 3922 2208 ut
3948 2166 4201 2210 summa
4228 2145 4530 2210 cautione

809 2252 880 2317 in
925 2250 1409 2336 Hamburgensi
1455 2250 1818 2317 adhibendo
1866 2273 2026 2335 opus
2073 2251 2177 2316 sit
2249 2272 2401 2316 nam
2449 2250 2553 2315 vel
2598 2270 2633 2314 e
2669 2248 2894 2334 paucis
2940 2249 3100 2333 illis,
3147 2270 3311 2334 quae
3346 2251 3416 2316 in
3453 2249 3871 2317 adnotatione
3909 2251 4132 2316 critica
4167 2273 4207 2316 a
4232 2250 4530 2317 Bekkero

812 2356 891 2421 de
937 2355 1242 2422 Vaticani
1288 2362 1354 2422 et
1396 2355 1914 2442 Hamburgensis
1971 2356 2321 2423 lectionum
2376 2355 2808 2441 discrepantia
2850 2355 3108 2439 prolata
3152 2359 3328 2439 sunt,
3382 2360 3653 2441 apparet
3706 2378 3880 2441 eum,
3933 2357 4045 2442 qui
4101 2357 4529 2442 apographon

811 2463 1114 2548 confecit,
1167 2464 1406 2547 partim
1451 2464 1703 2529 incuria
1745 2464 1985 2548 partim
2032 2464 2329 2530 consulto
2367 2464 2583 2529 multa
2627 2461 2994 2528 mutavisse.
3080 2460 3148 2526 id
3194 2461 3364 2545 quod
3418 2462 3612 2527 etiam
3666 2462 3898 2527 clarius
3955 2462 4167 2527 elucet
4222 2484 4301 2527 ex
4346 2460 4531 2528 Vati·

813 2570 958 2634 cani
1004 2569 1352 2635 collatione
1397 2569 1891 2656 diligentissime
1937 2591 2084 2636 cum
2130 2568 2412 2635 editione
2458 2567 2862 2634 Bekkeriana
2906 2572 2972 2632 et
3017 2589 3162 2633 cum
3216 2567 3384 2633 libro
3429 2566 3906 2654 Hamburgensi
3950 2568 4280 2646 instituta,
4336 2592 4533 2655 quam

810 2673 1115 2762 Vhligius
1170 2697 1418 2741 mecum
1473 2675 1987 2742 communicavit
2086 2696 2204 2741 nec
2259 2674 2471 2741 solum
2536 2676 2641 2742 in·
2668 2674 2939 2760 singulis
3005 2674 3533 2759 explanationum
3598 2674 3811 2740 verbis
3866 2673 4383 2762 Hamburgensis
4446 2677 4531 2743 ab

810 2778 1022 2849 Vatic.
1069 2782 1321 2866 saepius
1359 2782 1711 2867 discrepat,
1756 2782 1869 2849 sed
1905 2783 2101 2848 etiam
2139 2780 2558 2869 (quamquam
2594 2783 2667 2848 in
2695 2782 2919 2849 ordine
2948 2780 3337 2847 scholiorum
3366 2780 3449 2846 ab
3478 2780 3826 2866 archetypo
3854 2803 4206 2866 numquam
4232 2781 4531 2868 recessit)

812 2888 1143 2955 nonnullis
1202 2888 1361 2955 locis
1421 2894 1757 2956 auctorum
1816 2891 2084 2957 nomina
2140 2890 2211 2955 in
2269 2890 2561 2976 margine
2621 2888 2922 2973 adposita
2981 2891 3096 2953 aut
3152 2887 3372 2953 omisit
3425 2891 3539 2952 aut
3593 2909 3726 2953 non
3781 2888 3954 2953 iusto
4012 2889 4157 2955 loco
4217 2888 4532 2974 adpinxit.

813 2993 1271 3061 Necessarium
1315 2996 1516 3082 igitur
1559 2996 1721 3062 mihi
1767 2997 2045 3082 videtur,
2089 2996 2469 3082 praesertim
2515 3017 2659 3062 cum
2705 2994 3375 3061 Hoerschelmannum
3423 3015 3673 3080 quoque
3718 2994 3788 3059 in
3830 2993 3969 3061 cod.
4012 2993 4533 3082 Hamburgensis

814 3101 1160 3168 collatione
1214 3102 1528 3168 nonnulla
1579 3102 1897 3188 fugerint,
1949 3104 2076 3170 hoe
2131 3102 2273 3170 loco
2319 3123 2679 3188 proponere
2737 3103 3103 3168 accuratam
3146 3098 3449 3167 Vaticani
3499 3102 3585 3166 14
3629 3100 4153 3187 descriptionem,
4208 3109 4282 3169 ut
4334 3104 4533 3189 plane

811 3207 1125 3293 pleneque
1160 3208 1587 3293 perspiciatur
1622 3231 1749 3295 quo
1787 3209 2009 3276 ordine
2046 3210 2116 3275 in
2151 3209 2268 3275 illo
2298 3209 2557 3295 singula
2593 3209 2840 3275 scholia
2877 3212 3248 3296 sequantur,
3285 3229 3575 3294 quaeque
3610 3211 3944 3274 auctorum
3982 3210 4250 3275 nomina
4275 3211 4534 3277 titulive

812 3313 906 3379 eis
951 3314 1308 3398 praemissa
1354 3314 1502 3380 sint

905 3439 946 3520 ἓ
997 3439 1030 3502 1
1081 3436 1220 3524 (fol.
1249 3436 1432 3525 33v).
1477 3438 1841 3506 Praemisso
1877 3440 2068 3505 titulo
2107 3435 2278 3522 Περὶ
2316 3441 2769 3524 γραμματικῆς
2806 3439 2956 3523 730,
2981 3438 3263 3523 5-731,
3290 3440 3404 3522 24,
3446 3439 3590 3524 733,
3625 3441 3901 3506 13-22.
3945 3443 4067 3518 Εἰς
4103 3436 4177 3506 τὸ
4216 3435 4381 3507 αὐτό
4417 3441 4533 3507 καὶ

1078 3539 1312 3621 ἄλλως.
1384 3543 1556 3628 Περὶ
1601 3547 2074 3632 γραμματικῆς.
2118 3542 2667 3631 Μελάμποδος.
2709 3548 2856 3631 731,
2901 3543 3232 3631 26-732,
3267 3547 3338 3631 2,
3388 3547 3535 3631 733,
3571 3546 3862 3631 24-26,
3910 3547 4058 3631 734,
4108 3548 4432 3633 18-735,
4460 3550 4531 3634 8,

1083 3652 1228 3736 736,
1265 3651 1548 3738 5-738,
1582 3654 1652 3738 4,
1701 3654 1848 3738 738,
1889 3652 2210 3734 16-739,
2257 3653 2366 3739 14,
2416 3652 2563 3737 739,
2607 3653 2897 3738 25-33,
2947 3654 3093 3738 740,
3139 3654 3383 3739 6-29,
3433 3655 3579 3737 741,
3626 3654 3870 3738 6-23,
3921 3655 4068 3733 741,
4105 3655 4433 3739 33-742,
4466 3656 4533 3723 5.

1079 3756 1250 3843 Περὶ
1295 3761 1772 3845 γραμματικῆςε
1822 3760 1978 3844 732,
2013 3760 2253 3826 4-21.
2323 3759 2448 3836 Εἰς
2490 3755 2566 3825 τὸ
2614 3754 2777 3827 αὐτὸ
2821 3760 2933 3828 καὶ
2978 3756 3219 3838 ἅλλωςε
3272 3760 3418 3846 732,
3464 3761 3799 3843 23-733,
3841 3763 3949 3844 12,
3998 3761 4155 3840 733,
4199 3762 4534 3848 27-734,

1081 3867 1189 3949 17,
1239 3865 1386 3952 735,
1426 3868 1749 3953 10-736,
1795 3869 1864 3952 3,
1913 3867 2061 3951 738,
2097 3867 2343 3950 6-14,
2391 3866 2539 3950 739,
2581 3866 2866 3953 15-23,
2917 3867 3064 3952 740,
3106 3868 3302 3953 1-5,
3351 3867 3498 3951 740,
3532 3867 3873 3952 30-741,
3918 3868 3986 3952 4,
4037 3869 4191 3952 741,
4236 3870 4532 3954 24-31,

1080 3974 1225 4053 742,
1273 3973 1477 4059 6-9,
1523 3973 1674 4060 659,
1721 3974 2000 4040 20—34.

901 4096 942 4177 ἓ
987 4096 1030 4160 2
1075 4094 1247 4181 Περὶ
1292 4091 1756 4182 ἀναγνώσεως,
1824 4098 1979 4182 743,
2014 4097 2303 4183 22-32,
2362 4097 2517 4182 744,
2566 4097 2841 4164 12-13.
2894 4098 3002 4183 18,
3061 4099 3216 4183 744,
3261 4098 3597 4184 25-745,
3643 4099 3704 4164 5.
3770 4094 4028 4177 ”Annas
4080 4101 4235 4183 743,
4287 4100 4533 4184 1-14,

1082 4203 1228 4286 745,
1273 4204 1554 4289 6-746,
1599 4205 1713 4289 32,
1763 4205 1909 4289 747,
1953 4203 2279 4283 25-750,
2329 4201 2439 4286 15,
2488 4203 2632 4287 751,
2682 4206 2879 4288 1-7,
2928 4204 3083 4289 751,
3134 4206 3455 4289 19-752,
3500 4206 3569 4292 3,
3619 4205 3765 4290 752,
3815 4205 4100 4291 17-25,
4151 4207 4305 4292 753,
4352 4207 4529 4273 22-

1082 4308 1230 4392 754,
1256 4309 1317 4374 4.
1390 4308 1560 4396 Περὶ
1588 4306 2055 4394 ἀναγνώσεως,
2105 4310 2251 4393 742,
2285 4309 2565 4380 14-33.
2625 4307 2762 4375 Καὶ
2797 4304 3015 4387 ἄλλως
3049 4311 3145 4387 εἰς
3178 4306 3256 4376 τὸ
3291 4305 3472 4376 αὐτό.
3518 4309 3932 4396 Στέφανος
3967 4310 4128 4398 (non
4162 4312 4231 4377 in
4268 4311 4532 4399 marg.):

1080 4414 1235 4498 743,
1285 4416 1573 4503 16-21,
1621 4419 1776 4501 744,
1825 4418 2067 4501 1-11,
2117 4418 2271 4498 744,
2324 4415 2609 4503 15-17,
2662 4416 2946 4501 19-23,
2997 4418 3152 4502 747,
3203 4417 3445 4502 1-23,
3496 4418 3650 4503 750,
3701 4418 4007 4503 17-33,
4058 4419 4213 4502 7513
4258 4417 4531 4502 9-18,

1083 4521 1230 4607 752,
1274 4522 1519 4608 5-16,
1570 4522 1717 4606 752,
1760 4522 2088 4607 27-753,
2131 4523 2236 4589 20.
2708 4593 2715 4602 ‚

902 4648 942 4729 ξ
989 4646 1030 4713 3
1077 4642 1611 4731 Μελάμποδος
1653 4646 1803 4732 περὶ
1846 4644 2054 4714 τόνου
2102 4647 2257 4732 755,
2302 4648 2551 4732 5-13,
2601 4648 2756 4733 755,
2800 4648 3136 4734 29-757,
3185 4651 3295 4735 11,
3344 4649 3500 4732 754,
3550 4647 3880 4728 10-755,
3926 4650 3995 4733 4,
4044 4648 4199 4734 755,
4250 4650 4533 4718 14-27,

1078 4752 1202 4830 Εἰς
1243 4750 1319 4819 τὸ
1365 4746 1530 4819 αὐτὸ
1577 4756 2052 4839 Πορφυρίου
2101 4754 2246 4835 757,
2295 4754 2574 4821 13-32,

901 4880 986 4961 ἐξ
1031 4879 1074 4943 4
1113 4881 1179 4944 et
1215 4877 1257 4944 5
1295 4875 1466 4961 Περὶ
1502 4879 1779 4964 στνγμῆς
1812 4875 2348 4963 Μελάμποδος
2378 4878 2527 4963 758,
2554 4878 2836 4963 5-759,
2863 4878 2975 4965 24,
3017 4880 3163 4965 762,
3191 4880 3438 4965 4-12,
3480 4880 3627 4965 763,
3659 4879 3981 4964 10-765,
4007 4880 4112 4945 22.
4148 4877 4283 4945 Καὶ
4310 4876 4531 4960 ἄλλως

1081 4983 1347 5072 (Hamb.
1386 4985 1454 5050 in
1492 5006 1699 5072 marg.
1735 4985 1839 5050 «in
1866 4984 2004 5051 cod.
2033 4984 2163 5052 alio
2190 4981 2613 5070 Στεφάνου
2647 4982 2797 5069 περὶ
2826 4985 3162 5073 στιγμῆς»)
3195 4986 3341 5071 759,
3368 4985 3692 5068 26-760,
3721 4986 3779 5052 8.
3816 4983 3952 5051 Καὶ
3984 4981 4202 5064 ἄλλως
4226 4987 4294 5052 in
4323 5008 4529 5074 marg.

1078 5088 1342 5176 (Hamb.
1383 5092 1452 5157 in
1487 5112 1690 5180 marg.
1730 5093 1894 5159 «hoc
1931 5113 2183 5180 quoque
2221 5090 2596 5178 Stephani
2632 5092 2703 5158 in
2741 5091 2868 5158 alio
2907 5090 3195 5179 codice»)
3248 5093 3396 5178 760,
3427 5093 3749 5172 10-761,
3785 5093 3898 5179 32,
3939 5093 4086 5178 762,
4118 5094 4438 5177 14-763,
4468 5095 4533 5160 8·
