4809 5959
2431 489 2869 556 -20-

792 691 934 736 esse
981 691 1057 735 ex
1103 670 1340 736 codicis
1385 668 1775 735 Havniensis
1823 669 2188 735 conlatione
2234 667 2635 753 intellegitur
2680 671 2947 752 excepta
2991 688 3122 731 una
3175 665 3298 731 hac
3351 666 3671 751 particula
3716 667 3874 752 955,
3925 668 4185 735 11-30
4229 689 4392 752 quae
4437 689 4516 734 ex

793 777 922 843 alio
969 777 1428 843 commentario
1475 777 1679 842 inlata
1725 779 1842 841 est.

1111 881 1618 967 Nonnumquam
1666 882 1747 948 ad
1792 881 2121 967 longiores
2171 882 2654 967 explanationes
2701 900 2865 967 quae
2911 879 3095 945 nullo
3141 878 3483 944 intervallo
3529 878 3599 943 in
3647 876 3864 944 codice
3899 879 4298 965 interruptae
4344 886 4518 967 sunt,

793 989 1080 1055 eiusdem
1128 990 1401 1054 auctoris
1446 1009 1684 1054 nomen
1729 1009 1861 1053 non
1907 988 2117 1053 solum
2162 988 2243 1053 ab
2291 987 2506 1072 initio,
2560 986 2671 1052 sed
2715 987 2911 1052 etiam
2959 988 3193 1052 iterum
3240 985 3448 1051 altero
3493 986 3637 1051 loco
3694 984 4091 1070 adscriptum
4133 985 4518 1054 invenimus,

795 1095 980 1174 Quod
1026 1096 1139 1162 ubi
1183 1095 1427 1161 factum
1474 1098 1599 1180 est,
1653 1093 2036 1179 praesertim
2083 1094 2137 1159 si
2182 1094 2284 1159 bis
2329 1094 2398 1159 in
2443 1092 2633 1158 huius
2677 1091 3234 1178 interpretationis
3281 1094 3583 1157 contextu
3629 1091 3708 1156 de
3754 1090 3975 1157 eadem
4020 1114 4090 1157 re
4136 1092 4377 1179 agitur,
4423 1093 4517 1159 sic

795 1202 1209 1269 statuendum
1258 1206 1383 1287 est,
1438 1224 1584 1267 eum
1632 1203 1740 1287 qui
1789 1223 1824 1268 e
1869 1201 2297 1288 complurium
2342 1200 2916 1286 grammaticorum
2962 1197 3148 1264 libris
3195 1190 3588 1264 scholiorum
3633 1195 4104 1264 Vaticanorum
4150 1201 4519 1285 congeriem

793 1311 1182 1395 composuit,
1238 1331 1383 1374 cum
1437 1308 1787 1374 nonnullas
1833 1307 2184 1392 particulas
2232 1327 2307 1371 ex
2352 1306 2547 1372 unius
2593 1305 2876 1371 auctoris
2921 1304 3146 1371 libello
3193 1304 3603 1389 sumpsisset,
3658 1325 3737 1370 ex
3790 1305 4057 1371 alterius
4110 1307 4518 1393 grammatici

792 1415 957 1481 libro
1006 1436 1170 1501 quae
1227 1415 1307 1481 ad
1362 1416 1629 1481 eandem
1687 1436 1822 1481 rem
1877 1413 2288 1500 pertinebant
2331 1412 2740 1498 adposuisse,
2795 1411 3054 1478 omissis
3109 1416 3331 1477 tamen
3385 1410 3598 1477 verbis
3643 1408 3755 1476 καὶ
3811 1406 4027 1490 ἄλλως
4082 1413 4179 1490 εἰς
4225 1408 4301 1479 τὸ
4348 1407 4516 1486 ,αὐτό

792 1521 896 1587 vel
942 1522 1222 1588 auctoris
1267 1521 1554 1608 nomine3
1611 1543 1757 1587 cum
1804 1542 1953 1587 vero
1999 1519 2238 1585 rediret
2292 1518 2374 1584 ad
2420 1517 2656 1604 prioris
2711 1520 2993 1586 auctoris
3050 1519 3250 1585 verba
3295 1518 3744 1605 exscribenda,
3798 1520 3935 1585 eius
3989 1541 4227 1586 nomen
4279 1521 4517 1586 iterum

795 1628 1181 1712 adpinxisse.
1263 1626 1365 1692 Ea
1401 1628 1628 1713 igitur,
1674 1649 1837 1713 quae
1883 1626 2158 1712 repetito
2205 1625 2487 1691 auctoris
2522 1625 2774 1691 nomini
2809 1626 3101 1711 proxime
3137 1626 3556 1711 antecedunt,
3604 1626 3794 1691 alteri
3829 1626 3928 1691 illi
3963 1626 4310 1693 tribuenda
4346 1630 4515 1692 sunt.

790 1734 973 1800 velut
1019 1734 1460 1820 explanationi
1508 1733 1658 1818 864,
1703 1732 2032 1818 25-867,
2079 1733 2193 1818 30,
2238 1753 2403 1819 quae
2450 1731 2776 1798 continuis
2824 1732 3039 1798 verbis
3084 1736 3349 1798 exarata
3393 1736 3572 1797 extat
3613 1733 3684 1797 in
3728 1730 3879 1798 vat„
3932 1733 4043 1817 14,
4087 1723 4516 1817 praemissum

793 1846 894 1907 est
938 1862 1177 1907 nomen
1223 1837 1679 1925 Στεφάνου,
1736 1840 1848 1905 sed
1902 1840 2072 1905 idem
2107 1840 2361 1905 'iterum
2410 1839 2558 1923 867,
2603 1839 2692 1904 25
2754 1839 2824 1903 111
2878 1839 3168 1924 margine
3222 1838 3592 1924 adpositum
3647 1841 3773 1924 est,
3829 1861 3903 1905 ac
3956 1838 4060 1905 bis
4114 1840 4516 1924 explanatur,

793 1947 941 2032 866,
986 1947 1249 2013 22-33
1301 1952 1368 2012 et
1417 1947 1566 2032 867,
1612 1947 1854 2031 1-24,
1914 1946 2070 2032 quid
2130 1947 2391 2012 intersit
2453 1946 2627 2011 inter
2686 1946 2952 2013 nomina
3011 1941 3179 2028 πρός
3239 1968 3304 2010 τι
3358 1947 3596 2029 ἔχοντα
3660 1950 3726 2011 et
3777 1939 3871 2023 ὥς
3920 1942 4089 2031 πρός
4141 1968 4204 2010 τι
4264 1947 4517 2031 ἔχοντα.

716 2122 727 2133 ,
791 2052 1122 2138 Stephano
1168 2053 1368 2140 igitur
1412 2054 1769 2119 tribuemus
1817 2053 1966 2138 864,
2011 2051 2336 2137 25-866,
2383 2052 2472 2119 33
2518 2057 2584 2118 et
2629 2052 2779 2138 867,
2824 2052 3124 2135 25-30,
3168 2073 3297 2118 11011
3345 2052 3494 2134 867,
3542 2052 3775 2117 1-24.
3887 2125 3894 2131 ,

1109 2160 1250 2227 18111
1295 2161 1526 2226 harum
1571 2182 1786 2227 rerum
1832 2160 2084 2226 ratione
2127 2159 2382 2245 habita,
2426 2159 2609 2225 nisus
2654 2162 2721 2224 et
2766 2158 3047 2224 externis
3092 2158 3349 2224 indiciis
3397 2180 3561 2245 quae
3607 2157 3962 2225 Vaticanus
4014 2160 4098 2224 14
4144 2158 4405 2227 exhibet
4448 2164 4519 2226 et

791 2267 883 2332 eis
932 2289 1094 2353 quae
1141 2267 1414 2354 singulis
1463 2266 1728 2334 scholiis
1772 2266 1932 2352 ipsis
1978 2266 2410 2352 continentur,
2455 2266 2650 2332 hasce
2697 2264 3189 2350 explanationes
3235 2265 3519 2350 capitum
3559 2263 4028 2331 XIV—XXIV
4074 2286 4149 2331 ex
4195 2287 4517 2333 commen-

790 2373 959 2439 tario
1007 2371 1447 2459 Stephaniano
1495 2377 1788 2458 sumptas
1836 2394 2006 2457 esse,
2051 2373 2105 2440 si
2153 2373 2412 2459 quidem
2456 2393 2560 2438 res
2605 2373 2770 2439 bene
2816 2372 3041 2457 cessit,
3087 2372 3444 2457 exploravi:

1109 2482 1150 2561 ἓ
1202 2481 1298 2546 14.
1367 2480 1524 2566 843,
1564 2479 1915 2565 15-846,
1962 2480 2029 2563 3,
2079 2480 2236 2565 846,
2289 2480 2631 2564 13-847,
2675 2480 2744 2565 3,
2785 2479 2951 2566 848,
2993 2479 3253 2563 1-32,
3302 2479 3451 2563 849,
3504 2478 3805 2564 16-30,
3856 2480 4011 2558 851,
4054 2479 4408 2564 33-852,
4443 2479 4515 2565 5,

792 2585 941 2670 849,
986 2585 1315 2672 32-851,
1362 2586 1474 2670 22,
1522 2587 1670 2668 851,
1714 2586 2008 2669 28-32,
2055 2586 2203 2672 852,
2252 2586 2534 2671 7-853,
2579 2585 2692 2671 25,
2737 2587 2898 2672 854,
2946 2585 3280 2671 16-855,
3324 2586 3438 2673 20,
3485 2584 3642 2671 855,
3687 2586 4026 2671 29-856,
4071 2585 4185 2670 28,
4234 2586 4383 2670 857,
4429 2586 4519 2652 30

794 2691 1029 2778 -858,
1078 2693 1146 2777 7,
1194 2692 1341 2776 858,
1388 2693 1677 2777 22-28,
1724 2693 1874 2778 859,
1920 2693 2202 2779 6-860,
2247 2693 2362 2777 28,
2410 2693 2558 2773 862,
2602 2692 2851 2783 4-15,
2897 2692 3044 2776 860,
3089 2692 3415 2777 29-861,
3461 2692 3575 2776 20,
3622 2692 3773 2778 862,
3819 2691 4151 2776 17-863,
4198 2692 4310 2780 21,
4358 2692 4516 2776 864,

789 2799 1129 2884 25-866,
1175 2799 1289 2884 33,
1337 2800 1493 2885 867,
1538 2799 1828 2885 25-30,
1886 2799 2041 2885 868,
2095 2799 2428 2884 14-869,
2472 2799 2544 2883 4,
2593 2799 2751 2884 869,
2797 2799 3134 2882 27-870,
3183 2798 3292 2883 12,
3351 2798 3508 2882 870,
3560 2798 3910 2884 19-871,
3954 2798 4027 2882 2,
4074 2798 4232 2885 872,
4277 2797 4519 2877 5-31,

744 2886 758 2899 ’
791 2905 948 2989 873,
993 2906 1240 2991 4-11,
1290 2905 1785 2991 871,17-28,
1832 2906 2327 2992 873,12-28,
2374 2906 2534 2985 874,
2578 2905 2826 2990 3-17,
2872 2906 3029 2991 874,
3075 2905 3412 2989 33-875,
3457 2905 3528 2990 5,
3577 2905 3734 2990 876,
3779 2902 4027 2989 9’-25,
4074 2904 4221 2991 877,
4267 2906 4515 2989 6-18,

791 3012 941 3092 878,
988 3012 1239 3097 3-12,
1287 3012 1438 3097 878,
1484 3012 1810 3098 31-879,
1857 3015 1970 3099 21,
2018 3012 2166 3099 880,
2212 3013 2448 3079 6-17.

1109 3120 1150 3199 ἓ
1202 3119 1300 3183 15.
1380 3118 1531 3204 880,
1576 3119 1867 3204 30-32,
1915 3120 2064 3204 881,
2114 3118 2401 3204 10-33,
2452 3119 2609 3203 884,
2654 3118 2905 3196 4-31,
2953 3116 3108 3203 885,
3154 3117 3489 3203 32-886,
3537 3119 3650 3203 29,
3697 3118 3845 3205 887,
3897 3119 4186 3203 16-26,
4234 3118 4384 3203 887,
4429 3117 4516 3183 29

790 3224 1031 3309 -888,
1078 3225 1149 3309 2,
1197 3224 1348 3310 889,
1392 3225 1518 3292 3-
1529 3224 1677 3310 890,
1714 3225 1784 3311 9,
1831 3224 1981 3310 891,
2027 3224 2351 3311 11-892,
2401 3225 2501 3291 16.

1109 3332 1192 3413 ἐξ
1243 3331 1406 3397 16-
1421 3332 1519 3398 18.
1594 3330 1743 3417 892,
1788 3332 1957 3396 22-
1968 3330 2119 3417 893,
2158 3332 2267 3415 11,
2280 3329 2465 3417 893,
2514 3331 2678 3396 16-
2604 3330 2837 3416 -894,
2883 3330 2996 3414 27,
3047 3330 3195 3416 894,
3241 3331 3568 3418 32-895,
3619 3333 3729 3418 13,
3777 3332 3927 3418 895,
3978 3331 4301 3418 18-896,
4350 3332 4448 3397 12.

1111 3440 1151 3517 ἓ
1204 3437 1304 3503 19.
1348 3437 1528 3523 896,
1577 3436 1903 3522 18-897,
1953 3437 2052 3503 18.

1110 3545 1151 3624 ἓ
1197 3543 1303 3609 20.
1376 3542 1526 3628 898,
1573 3543 1862 3628 13-20,
1910 3543 2060 3625 899,
2111 3544 2403 3631 13-28,
2449 3543 2600 3623 900,
2644 3543 2894 3630 2-18,
2941 3544 3090 3630 903,
3135 3545 3417 3631 3-904,
3463 3546 3523 3612 5.

1110 3651 1195 3731 §5
1242 3650 1322 3716 21
1375 3654 1443 3717 et
1486 3650 1589 3717 22.
1663 3650 1814 3736 906,
1864 3651 2150 3739 13-16,
2197 3651 2347 3737 905,
2383 3649 2668 3736 9-906,
2706 3649 2774 3734 3,
2820 3650 2969 3735 907,
3018 3651 3262 3740 7-20,
3308 3653 3458 3738 912,
3504 3652 3795 3735 26-32,
3840 3652 3990 3738 906,
4032 3652 4322 3739 25-28,
4368 3652 4525 3738 907,

790 3756 1120 3841 25-908,
1164 3756 1234 3842 2,
1281 3755 1431 3842 910,
1480 3756 1770 3840 18-35,
1818 3756 1970 3842 913,
2015 3756 2342 3843 27-914,
2384 3758 2495 3842 14,
2542 3756 2692 3842 914,
2736 3756 3067 3843 29-915,
3104 3758 3173 3842 3,
3219 3757 3369 3843 915,
3422 3758 3705 3845 14-27,
3751 3758 3901 3842 916,
3951 3759 4239 3843 12-30,
4285 3757 4437 3844 917,
4473 3758 4519 3825 3

790 3864 994 3951 -10,
1041 3863 1191 3948 917,
1238 3863 1566 3949 21-918,
1611 3864 1681 3949 2,
1729 3863 2220 3949 918,12-23,
2264 3862 2711 3949 921,1-22,
2755 3862 2905 3948 922,
2955 3863 3234 3930 19-21,

1111 3974 1152 4053 ξ
1198 3971 1302 4037 22.
1377 3969 1526 4055 926,
1570 3970 1697 4034 4-
1705 3969 1855 4056 927,
1902 3970 2015 4055 31,
2061 3969 2209 4054 928,
2255 3968 2502 4066 5—203
2550 3968 2700 4054 930,
2751 3968 3034 4054 13-24,
3083 3970 3233 4055 929,
3278 3970 3606 4057 27-930,
3651 3971 3710 4039 2.

1112 4079 1152 4158 ἓ
1199 4076 1303 4142 24.
1378 4076 1529 4161 934,
1574 4075 1698 4142 9-
1713 4077 1820 4156 18,
1867 4076 2016 4161 936,
2061 4074 2352 4160 26-34,
2397 4030 2548 4161 936,
2596 4076 2794 4160 7-8,
2840 4076 2990 4161 938,
3035 4077 3286 4164 4,-10
3332 4077 3492 4163 939,
3537 4077 3863 4162 29·-940,
3909 4079 3978 4164 33
4024 4078 4182 4170 941,
4232 4078 4520 4166 18-—303

792 4184 942 4268 942,
993 4184 1157 4250 18-
1165 4184 1280 4268 22,
1326 4183 1476 4268 942,
1513 4182 1682 4249 29-
1690 4183 1842 4269 943,
1877 4182 1947 4268 3,
1992 4183 2142 4265 944,
2180 4124 2508 4267 24-2945,
2554 4184 2666 4268 303
2713 4125 2862 4266 946,
2912 4183 3112 4269 1-4,
3159 4129 3310 4269 946,
3351 4183 3641 4268 19-24,
3688 4184 3839 4270 947,
3879 4185 4050 4250 20—
4058 4129 4206 4266 948,
4252 4183 4322 4267 9,
4368 4183 4522 4267 948,

798 4289 1822 4375 15-17,948,18-949,3Ο,
1867 4232 2016 4369 950,
2066 4290 2354 4373 13-17,
2399 4288 2550 4375 950,
2595 4233 2885 4373 24-32,
2933 4287 3401 4367 951,19-21.

1113 4398 1154 4479 ἓ
1200 4395 1465 4462 25.111
1518 4396 1640 4462 hac
1694 4396 1928 4462 ultima
1979 4394 2392 4482 paragrapho
2445 4395 2586 4459 fieri
2640 4417 2773 4460 non
2825 4416 3020 4480 posse
3074 4395 3357 4482 videtur,
3409 4401 3484 4462 ut
3537 4418 3682 4463 cum
3736 4398 3869 4462 ulla
3914 4397 4049 4462 veri
4094 4394 4306 4481 specie
4354 4417 4520 4481 quae

795 4502 1191 4588 Stephano
1247 4503 1382 4568 sint
1435 4502 1781 4569 tribuenda
1834 4523 2268 4588 secernamus,
2322 4524 2470 4568 cum
2525 4523 2644 4567 nec
2696 4523 2934 4567 nomen
2989 4503 3393 4588 grammatici
3450 4525 3753 4613 umquem
3809 4502 4204 4587 adscriptum
4260 4504 4348 4568 sit
4397 4524 4520 4569 nec
4661 4564 4668 4573 .

796 4608 942 4675 aliis
988 4607 1243 4674 indiciis
1290 4608 1682 4674 adiuvemur.

1113 4714 1400 4781 Maxima
1446 4719 1662 4781 autem
1710 4718 1883 4782 certe
1927 4718 2111 4801 parte
2151 4711 2578 4799 Stephaniani
2614 4715 3061 4780 commentarii
3096 4735 3266 4782 nunc
3313 4737 3390 4781 ex
3430 4716 3524 4782 eis
3560 4715 4046 4781 collectionibus
4082 4715 4404 4802 expedita,
4448 4716 4521 4781 in

796 4823 1033 4909 quibus
1081 4843 1225 4887 cum
1273 4821 1550 4887 aliorum
1596 4822 2021 4905 interpretum
2069 4819 2332 4886 scholiis
2379 4821 2765 4887 commixtus
2812 4822 3165 4907 invenitur,
3215 4844 3349 4888 non
3395 4821 3575 4888 nulla
3628 4822 3873 4888 notabo
3921 4822 4154 4908 quibus
4203 4820 4518 4908 Stephani

796 4928 1192 4995 consuetudo
1239 4928 1564 5013 discrepat
1608 4929 1690 4994 ab
1736 4926 2202 5013 Melampodea.

1122 5038 1175 5101 1.
1248 5034 1507 5101 Nudam
1554 5029 1791 5112 αὐτός
1834 5056 2056 5101 vocem
2094 5034 2173 5099 de
2210 5035 2368 5100 artis
2417 5040 2677 5101 auctore
2723 5057 2764 5101 a
2799 5034 3204 5121 Melampode
3241 5035 3615 5120 saepissime
3660 5040 4038 5120 usurpatam
4084 5056 4219 5100 non
4252 5035 4516 5103 omnino

798 5162 952 5207 sane
999 5138 1364 5226 Stephanus
1410 5141 1658 5226 respuit
1701 5138 1833 5227 (his
1881 5141 2054 5207 enim
2101 5140 2340 5226 legitur
2385 5141 2573 5207 locis:
2624 5142 2769 5227 735,
2814 5142 2901 5209 32
2946 5136 3037 5220 ὥς
3080 5156 3291 5227 φησιν
3337 5136 3536 5218 αὐτός
3586 5168 3698 5221 -,
3750 5140 3895 5227 779,
3940 5141 3983 5205 5
4029 5134 4119 5217 ὥς
4162 5138 4273 5206 καὶ
4320 5136 4522 5218 αὐτὸς
