4809 5959
1921 494 2361 560 ...15-

548 671 750 755 2-7,
803 671 1089 755 10-16,
1134 671 1424 755 23-25,
1470 672 1751 738 30-32.
1841 673 1961 750 Εἰς
2004 696 2059 739 τ.
2103 665 2146 736 ἀ
2191 696 2248 738 κ.
2293 666 2353 737 ἆ.
2400 672 2558 758 955,
2607 675 2907 758 11-30,
2955 675 3114 760 961,
3159 674 3450 760 21-25,
3497 675 3655 761 963,
3707 677 4005 742 18-24.

548 778 670 854 Εἰς
713 801 766 843 τ.
812 771 871 842 ἄ.
916 801 974 843 κ.
1019 771 1080 844 ἆ.
1154 780 1554 862 Γεωργίου
1598 777 1749 865 961,
1793 779 2123 864 27-962,
2171 780 2271 846 16.
2361 781 2485 856 Εἰς
2528 802 2581 845 τ.
2627 774 2690 845 ἀ.
2736 803 2793 845 κ.
2837 776 2897 845 ἆ.
2944 781 3093 865 960,
3138 781 3465 865 33-961,
3511 780 3581 865 5,
3627 781 3777 866 962,
3827 784 3999 848 18-

549 884 660 970 25,
707 884 865 970 964,
912 885 1203 967 26-33,
1248 885 1403 969 965,
1448 885 1732 952 23-33.
1821 888 1944 964 Εἰς
1986 909 2041 952 τ.
2084 880 2144 951 ἆ.
2189 909 2245 950 κ.
2293 880 2353 951 ἆ.
2430 882 2888 971 Διομήδους
2931 887 3090 971 965,
3137 888 3374 967 8-21.
3465 890 3587 966 Εἰς
3628 913 3681 954 τ.
3728 880 3790 953 ἆ.
3832 911 3888 954 κ.
3935 882 3998 953 ἆ.

548 990 697 1075 964,
748 991 1023 1057 17-24,
1078 992 1201 1067 Εἰς
1243 1013 1296 1055 τ.
1342 984 1402 1056 ἆ.
1447 1014 1504 1056 κ.
1550 984 1609 1058 ἄ.
1656 991 1807 1078 965,
1858 993 2055 1076 1-6,
2101 992 2252 1076 966,
2297 993 2625 1078 31-967,
2668 994 2765 1060 13.
2837 996 2960 1070 Εἰς
3002 1017 3057 1059 τ.
3101 987 3163 1058 ἄ.
3206 1017 3263 1059 κ.
3310 988 3370 1058 ἄ.
3415 996 3816 1079 Γεωργίου
3852 994 4001 1078 966,

554 1097 830 1163 17-29.
921 1094 1379 1182 Διομήδους
1422 1093 1521 1183 (in
1564 1097 1724 1183 mg.)
1769 1099 1918 1183 967,
1969 1099 2289 1183 14—968‚
2338 1101 2395 1164 7.
2474 1101 2596 1177 Εἰς
2638 1123 2693 1164 τ.
2738 1095 2799 1166 ἆ.
2842 1123 2902 1165 κ.
2946 1093 3007 1166 ἄ.
3053 1099 3211 1183 968,
3257 1099 3548 1184 9-969,
3599 1101 3699 1166 15.
3781 1102 3904 1178 Εἰς
3945 1124 3999 1167 τ.

546 1197 607 1270 ἆ.
652 1227 709 1269 κ.
756 1198 814 1269 ἆ.
861 1204 1013 1288 969,
1063 1205 1349 1290 17-24,
1394 1204 1546 1289 970,
1595 1205 1836 1291 1-18,
1883 1205 2034 1290 971,
2077 1206 2405 1289 24-972,
2453 1207 2512 1272 8.
2602 1207 2724 1284 Εἰς
2766 1229 2820 1271 τ.
2866 1200 2927 1271 ἆ.
2971 1230 3029 1271 κ.
3077 1200 3137 1270 ἀ.
3213 1202 3673 1292 Διομήδους
3716 1206 3866 1292 970,
3917 1207 3997 1273 19

552 1313 738 1376 -22.
810 1312 935 1388 Εἰς
975 1334 1028 1377 τ.
1074 1306 1134 1378 ἆ.
1180 1332 1236 1379 κ.
1282 1307 1343 1376 ἀ.
1390 1313 1793 1396 Γεωργίου
1839 1313 1988 1397 972,
2039 1312 2325 1396 10-16,
2372 1312 2524 1396 970,
2569 1312 2860 1398 29-33,
2906 1313 3197 1397 24-27,
3243 1313 3393 1397 972,
3444 1313 3722 1379 17-33,

642 1418 743 1483 Ex
786 1401 910 1484 hac
954 1418 1348 1485 scholiorum
1395 1419 1565 1484 mole
1604 1419 1675 1484 in
1721 1419 2044 1503 prioribus
2098 1419 2405 1484 tredecim
2461 1419 2887 1505 paragraphis
2933 1419 3294 1484 rectissimo
3341 1418 3577 1485 iudicio
3633 1420 3793 1487 duos
3851 1442 3996 1486 con·

278 1525 500 1591 tinuos
538 1525 1064 1608 commentarios,
1100 1523 1608 1610 Melampodis
1646 1530 1712 1590 et
1748 1523 2151 1610 Stephani,
2195 1522 2833 1591 Hoerschelmannus
2871 1525 3164 1609 secrevit,
3201 1526 3382 1591 cuius
3418 1526 3999 1611 ratiocinationem,

278 1652 362 1697 ne
398 1635 584 1697 cocta
617 1653 981 1716 recoqnam,
1025 1652 1156 1697 non
1196 1631 1608 1716 repetendam
1645 1632 1942 1716 arbitror,
1979 1635 2321 1698 contentus
2359 1653 2438 1697 ea
2470 1631 2823 1715 protulisse
2860 1636 3261 1718 argumenta,
3297 1632 3530 1717 quibus
3566 1633 3998 1717 prosperrime

279 1739 338 1803 ei
376 1760 512 1804 rem
548 1740 817 1805 cessisse
855 1738 1290 1805 confirmatur.
1361 1737 1426 1804 Ν
1429 1759 1659 1824 amque
1693 1742 1838 1804 tota
1873 1738 1952 1804 de
1979 1737 2428 1823 Melampodeo
2471 1738 2931 1804 commentario
2962 1739 3254 1823 quaestio
3300 1742 3367 1803 et
3411 1738 3489 1803 de
3534 1739 3783 1804 ratione
3828 1740 3999 1804 inter

277 1843 451 1915 hunc
492 1845 981 1931 grammaticum
1019 1850 1085 1910 et
1122 1843 1560 1910 Diomedem
1598 1845 2060 1931 intercedente,
2105 1846 2337 1931 quibus
2373 1845 2746 1911 nominibus
2784 1846 3054 1911 eundem
3083 1845 3436 1930 significari
3463 1844 3997 1910 commentarium

279 1953 642 2035 suspicatus
700 1956 799 2017 est
850 1950 1478 2018 Hoerschelmannus
1526 1948 1599 2038 (1.
1635 1952 1675 2018 l.
1714 1955 1754 2034 ξ
1793 1952 1891 2039 8),
1945 1951 2027 2017 ad
2072 1952 2268 2017 finem
2314 1951 2689 2036 perducitur
2744 1952 2984 2016 auxilio
3041 1952 3315 2017 aliorum
3369 1950 3660 2016 codicum
3713 1950 3811 2015 illi
3864 1973 3998 2016 non

280 2060 708 2144 cognitorum.
806 2058 885 2123 In
932 2059 1067 2124 cod.
1115 2059 1285 2123 enim
1332 2057 1571 2144 Regio
1617 2056 2048 2124 Havniensi
2099 2058 2270 2124 1965
2316 2054 2477 2143 (K),
2525 2078 2713 2142 quem
2760 2062 2837 2122 ut
2878 2056 3349 2143 Heidelbergae
3395 2060 3690 2122 excutere
3739 2078 3997 2141 possem

242 2166 593 2252 'singulari
641 2162 1023 2231 CBruunii
1078 2164 1467 2230 liberalitate
1523 2165 1827 2249 contigit,
1880 2164 2054 2230 inter
2099 2165 2422 2249 permulta
2476 2165 2610 2230 alia
2664 2164 2903 2249 scripta
2956 2163 3382 2251 grammatica
3438 2164 3585 2230 inde
3644 2186 3684 2228 a
3742 2186 3802 2247 p.
3849 2163 3999 2249 459,

278 2272 523 2338 scholia
567 2272 870 2357 leguntur
915 2271 995 2336 ad
1042 2270 1335 2355 Dionysii
1382 2276 1589 2337 artem
1637 2272 1999 2355 anteposito
2044 2271 2265 2336 titulo:
2330 2268 2861 2355 Μελάμποδος
2914 2270 3458 2357 γραμματικοῦ
3515 2269 3828 2355 ἑρμηνεία
3880 2270 3999 2354 τῆς

275 2379 512 2464 τέχνης
558 2379 933 2444 Διονυσίου
976 2377 1099 2443 τοῦ
1145 2372 1419 2465 Θρᾳκός.
1502 2375 1670 2462 Περὶ
1716 2380 1947 2460 πείρας
1990 2375 2101 2443 καὶ
2148 2376 2565 2463 ἐμπειρίαςι).
2646 2377 2838 2445 Hune
2883 2383 3101 2445 autem
3148 2378 3677 2467 commentarium
3722 2377 3996 2442 eundem

279 2507 420 2552 esse
476 2491 672 2571 atque
726 2507 901 2569 eum,
956 2485 1066 2569 qui
1111 2483 1448 2551 Vaticanis
1495 2483 2227 2570 Hamburgensibusque
2282 2484 2544 2550 scholiis
2601 2485 2720 2550 sub
2776 2484 3287 2570 Melampodis
3341 2484 3603 2549 nomine
3658 2483 3990 2550 immixtus

278 2597 406 2677 est,
452 2613 530 2657 ex
574 2591 810 2657 horum
855 2591 1144 2658 codicum
1192 2591 1674 2675 comparatione
1713 2591 1935 2656 statim
1973 2592 2113 2656 luce
2151 2591 2385 2657 clarius
2425 2592 2780 2677 apparebit.
2857 2590 3123 2656 Initium
3159 2591 3335 2656 enim
3369 2589 3620 2655 faciunt
3653 2589 3721 2655 in
3759 2589 3895 2654 cod.
3931 2591 4000 2654 K

277 2695 696 2784 (quamquam
742 2699 813 2763 in
857 2698 1053 2783 paulo
1100 2698 1457 2764 breviorem
1505 2718 1963 2782 nonnunquam
2009 2695 2287 2762 formam
2342 2700 2677 2764 contracta
2730 2702 2845 2764 aut
2898 2698 3029 2764 alio
3084 2698 3276 2764 modo
3332 2697 3805 2782 aliquantulum
3850 2717 3988 2761 mu-

272 2808 416 2869 tata
428 2802 511 2891 ²))
559 2826 636 2870 ea
682 2826 845 2889 quae
896 2805 964 2868 in
1010 2803 1159 2870 Vat.
1209 2806 1291 2870 14
1336 2803 1693 2888 praemisso
1737 2803 1959 2869 titulo:
2031 2801 2204 2888 Περὶ
2249 2806 2718 2890 γραμματικῆς.
2797 2802 3250 2891 Μελάμποδος
3303 2806 3369 2869 et
3413 2803 3584 2887 apud
3628 2802 3994 2869 Bekkerum

272 2911 577 3003 leguntur
623 2912 773 2999 731,
818 2911 1144 2998 26-732,
1180 2912 1249 2999 2,
1298 2911 1443 2993 733,
1488 2910 1778 2996 24-26,
1830 2911 1976 2995 734,
2021 2912 2340 2997 18-735,
2387 2913 2455 2997 8,
2505 2912 2651 2995 736,
2687 2911 2968 2993 5-738,
3015 2914 3088 2996 4,
3136 2911 3282 2995 738,
3325 2909 3647 2994 16-739,
3688 2910 3797 2995 14,
3846 2909 3995 2993 739,

273 3018 561 3103 25-33,
613 3020 757 3102 740,
808 3019 1049 3102 7-29,
1099 3018 1246 3103 741,
1293 3018 1537 3100 6-23,
1588 3018 1734 3100 741,
1770 3017 2098 3101 33-742,
2135 3016 2194 3084 5.
2268 3000 2629 3084 Continuis
2664 3018 2865 3103 igitur
2908 3017 3016 3082 hic
3060 3017 3261 3083 habes
3310 3019 3376 3081 et
3420 3036 3630 3081 meras
3678 3013 3995 3080 Melam-

272 3124 494 3209 podis
532 3125 612 3190 ad
648 3126 926 3209 primam
966 3125 1125 3191 artis
1162 3126 1645 3213 paragraphum
1683 3124 2192 3210 explanationes,
2229 3147 2389 3210 quas
2429 3126 2501 3190 in
2528 3124 2850 3191 Vaticano
2882 3127 2966 3190 14
3002 3128 3069 3190 et
3093 3121 3577 3208 Hamburgensi
3612 3121 3992 3187 coniunctas

272 3230 549 3316 legimus
578 3253 722 3297 cum
753 3232 846 3297 eis
875 3231 1154 3316 scholiis,
1191 3253 1355 3317 quae
1384 3254 1459 3297 ex
1488 3230 1801 3315 Stephani
1846 3231 2148 3315 tertiique
2176 3232 2509 3297 cuiusdam
2547 3232 2919 3317 interpretis
2968 3230 3449 3298 commentariis
3488 3230 3791 3312 excerpta
3819 3231 3991 3294 sunt.

272 3342 467 3422 atque
515 3360 705 3422 quam
750 3343 927 3404 recto
974 3337 1207 3402 iudicio
1244 3336 1878 3404 Hoerschelmannus
1922 3337 1991 3401 in
2036 3337 2262 3404 frustis
2300 3338 2729 3424 Melampodis
2766 3360 2844 3404 ex
2879 3337 3178 3423 congerie
3212 3336 3534 3402 Vaticana
3585 3335 3991 3400 secernendis

271 3466 428 3509 usus
468 3444 580 3528 sit,
616 3445 867 3529 patebit
901 3445 957 3511 si
993 3466 1102 3510 eas
1141 3466 1392 3530 quoque
1419 3443 1807 3510 Havniensis
1846 3445 2190 3509 commenti
2219 3448 2437 3530 partes
2476 3445 2707 3530 quibus
2746 3448 2787 3527 ξ
2817 3444 3038 3511 2-13
3074 3444 3480 3508 illustrantur
3515 3461 3993 3508 enumeravero.

590 3553 631 3634 ἓ
676 3551 719 3616 2
767 3552 915 3637 743,
961 3552 1252 3636 23-33,
1300 3553 1446 3637 744,
1498 3524 1773 3617 12-’13.
1815 3551 1924 3636 18,
1975 3551 2122 3635 744,
2167 3544 2495 3636 25-745,
2531 3553 2598 3638 5,
2649 3551 2795 3635 745,
2834 3551 3115 3635 6-746,
3153 3551 3239 3615 32
3286 3547 3572 3634 (omissis
3623 3548 3769 3633 745,
3820 3550 3988 3614 17-

271 3654 480 3744 33⁸));
529 3658 675 3742 747,
721 3658 1047 3743 25-750,
1100 3659 1181 3724 15
1228 3655 1514 3746 (omissis
1563 3659 1710 3742 748,
1757 3657 1975 3723 8-16
2024 3661 2089 3722 et
2133 3658 2245 3724 28:
2295 3656 2810 3735 ἀναστέλλοντες
2852 3692 2939 3704 -
2988 3656 3143 3741 749,
3194 3655 3331 3741 19),
3391 3655 3545 3739 751,
3597 3656 3795 3738 1-7,
3846 3654 3992 3737 751,

276 3764 599 3849 1’9-752,
646 3766 716 3850 3,
764 3764 913 3849 752,
963 3764 1249 3849 17-25,
1297 3764 1443 3846 753,
1488 3764 1816 3847 21-754,
1860 3765 1922 3828 4.

590 3874 631 3951 ξ
677 3871 718 3935 3
769 3870 917 3954 755,
963 3872 1210 3954 5-13,
1259 3870 1405 3955 755,
1450 3870 1778 3954 29-756,
1825 3871 1894 3953 8,
1944 3871 2092 3956 756,
2144 3872 2467 3956 14-757,
2512 3871 2570 3937 6.

588 3978 673 4059 ἐξ
719 3978 763 4041 4
810 3982 876 4042 et
919 3977 961 4043 5
1011 3978 1156 4062 758,
1201 3977 1484 4062 5-759,
1528 3978 1642 4063 24,
1692 3976 1839 4061 762,
1886 3978 2132 4062 4-12,
2182 3977 2328 4062 763,
2381 3977 2702 4062 10-765,
2748 3977 2853 4043 22.

591 4086 630 4164 ξ
679 4083 719 4148 6
766 4080 937 4166 Περὶ
986 4083 1344 4173 ῥαψῳδίας.
1392 4083 1543 4169 765,
1588 4084 1917 4169 27-768,
1970 4084 2049 4150 18
2097 4081 2370 4169 (omisso
2417 4084 2650 4148 ultimo
2696 4080 3026 4168 disticho).

212 4334 237 4357 0
588 4280 643 4347 1)
688 4276 1161 4333 commentarium
1204 4275 1603 4346 Dionysianum
1646 4276 1754 4332 hoc
1801 4276 2027 4332 nomine
2080 4278 2339 4332 notatum
2386 4277 2446 4330 in
2497 4273 2803 4331 Havniensi
2849 4272 3030 4328 inesse
3075 4271 3338 4342 Vhligius
3389 4270 3655 4341 cognovit
3703 4286 3770 4326 ex
3814 4271 3990 4341 plena

266 4365 475 4422 codicis
520 4366 918 4436 descriptione,
965 4380 1133 4434 quam
1178 4364 1232 4420 ei
1275 4365 1664 4420 transmiserat
1699 4364 1981 4420 Carolus
2019 4362 2241 4419 Graux
2276 4364 2538 4435 idemque
2573 4380 2719 4419 nunc
2756 4359 3214 4417 adnotationibus
3252 4357 3467 4429 Vhligii
3502 4358 3737 4415 adiectis
3772 4359 3988 4430 publici

267 4454 406 4511 iuris
442 4455 580 4511 fecit
611 4456 673 4510 in
708 4454 854 4510 libro
890 4455 1071 4510 bonae
1106 4453 1283 4524 frugis
1320 4454 1626 4510 uberrimo:
1674 4452 1904 4510 Notices
1942 4454 2266 4510 sommaires
2304 4452 2403 4508 des
2441 4451 2776 4508 manuscrits
2813 4466 2974 4521 grece
3021 4448 3093 4505 de
3129 4448 3188 4504 la
3223 4446 3446 4541 Grande
3479 4445 3876 4519 Bibliotheque
3913 4448 3986 4505 de

269 4546 660 4617 copenhague.
726 4545 883 4601 Paris
922 4548 1077 4600 1879.

587 4635 640 4701 2)
677 4651 848 4688 unum
885 4648 1193 4704 proponam
1229 4632 1560 4702 exemplum.
1626 4648 1728 4703 pro
1765 4631 1845 4687 eis
1883 4648 2027 4702 quae
2063 4616 2423 4702 apud⁰Beltk.
2457 4627 2816 4684 inveniuntur
2853 4632 2981 4696 734,
3020 4631 3308 4696 18-736,
3344 4631 3378 4681 8
3417 4624 3476 4681 in
3501 4629 3559 4681 K
3589 4626 3729 4682 haec
3764 4627 3987 4681 tantum

264 4723 543 4792 leguntur.
608 4717 702 4785 Ὡς
740 4717 834 4777 ἐπὶ
870 4717 1040 4790 πολύ,
1077 4718 1363 4777 τουτέστιν
1400 4716 1475 4784 ὥς
1513 4716 1608 4777 ἐπὶ
1643 4716 1704 4776 τὸ
1744 4725 2005 4777 πλεῖστον
2043 4715 2472 4790 εὑρισκομένων.
2533 4712 2680 4780 ’Ἕως
2716 4711 2976 4772 ἕνταῦθα
3012 4711 3044 4770 ὁ
3091 4710 3221 4785 ὅρος
3258 4716 3358 4785 τῆς
3394 4715 3794 4786 γραμματιοῆς.
3868 4709 3984 4768 Διὰ

264 4814 325 4867 τί
364 4807 524 4867 εἶπεν
570 4805 653 4874 ὥς
700 4806 811 4866 ἐπὶ
855 4806 927 4866 τὸ
975 4814 1295 4866 πλεῖστον
1330 4808 1677 4881 λεγομένων,
1718 4806 1916 4879 ἐπειδή
1963 4827 2112 4872 τινες
2156 4807 2335 4873 λέξεις
2369 4801 2524 4873 ἅπαξ
2560 4801 2827 4869 πολλάκις
2861 4797 2898 4875 ἢ
2936 4804 3024 4868 δὶς
3060 4803 3353 4876 εἰρημέναι
3389 4801 3562 4875 εἰσίν,
3607 4796 3679 4865 ἃς
3723 4797 3792 4858 οὗ
3829 4802 3984 4857 πᾶσα

264 4896 490 4970 ἀνάγκη
529 4898 743 4956 εἰδέναι
780 4895 880 4955 τὸν
916 4896 1327 4972 γραμματικόν,
1366 4897 1487 4954 οἷον
1526 4896 1584 4954 οἱ
1615 4904 1824 4969 γρῖφοι.
1886 4900 1964 4953 Τί
1983 4897 2050 4953 δύ
2080 4895 2222 4954 εἶσιν
2258 4893 2318 4952 οἱ
2340 4901 2566 4965 γρῖφοι,
2605 4889 2937 4964 εὑρίσκομεν
2967 4891 3030 4949 ἕν
3058 4911 3167 4949 τισι
3193 4894 3419 4963 γρίφοις
3443 4890 3651 4962 λεχθὲν
3683 4887 3983 4963 βαλάντιον

262 4986 329 5045 τὸ
359 4984 653 5058 ἀκόντιον,
687 4988 788 5058 τῆς
814 4991 1124 5060 συνηθείας
1152 4986 1233 5052 εἰς
1267 4984 1402 5043 ἄλλο
1438 4982 1586 5058 ἡμᾶς
1621 4981 1975 5057 ἄπαγοῦσης,
2012 4981 2108 5041 διὰ
2144 4979 2209 5040 τὸ
2249 4981 2474 5058 βάλλειν
2510 4978 2733 5053 ἀντίον,
2768 4981 2869 5038 καὶ
2903 4978 2975 5038 τὰ
3009 4982 3272 5052 τοιαῦτα,
3308 4973 3347 5036 ἃ
3387 4977 3443 5036 εί
3475 4976 3580 5050 μὲν
3618 4975 3913 5033 ἐπίσταται
3949 4974 3981 5033 ὁ

265 5074 676 5148 γραμματικός,
716 5073 1044 5142 ἐπαινετέος
1081 5074 1260 5149 ἱστόν,
1299 5077 1354 5134 εί
1386 5076 1450 5133 δὲ
1489 5073 1594 5148 μή,
1631 5070 1701 5131 οὔ
1736 5073 1991 5147 ψέγεται.

587 5170 641 5237 3)
678 5170 811 5237 post
843 5167 1017 5223 verba
1051 5164 1152 5223 τὸν
1188 5162 1593 5238 περιεχόμενον
1631 5165 1769 5220 νοῦν
1806 5160 2029 5236 ὁρῶμεν
2066 5163 2255 5220 statim
2290 5164 2434 5219 haec
2473 5162 2734 5233 leguntur
2771 5160 2865 5217 ἵνα
2902 5156 3008 5229 τὴν
3046 5159 3149 5231 μὲν
3188 5160 3508 5232 τραγῳδίαν
3545 5188 3615 5199 -
3652 5159 3795 5227 (746,
3838 5158 3907 5228 1).
