4809 5959
1921 473 2353 541 -45-

1732 727 1772 804 ἓ
1819 723 1907 788 20
1951 721 2101 788 vhl.
2149 720 2265 808 (25
2308 718 2539 809 Βοιώ.)

1626 874 1903 951 ΠΕΡΪ
1969 875 2663 952 ΣΥΝΔέΣΜοΥ

599 1039 1042 1128 «Σύνδεσμός
1105 1042 1242 1109 ἐστι
1303 1041 1475 1121 λέξις
1528 1039 1906 1108 συνδέουσα
1961 1037 2274 1108 διάνοιαν
2330 1039 2493 1127 μετὰ
2549 1039 2794 1122 τάξεως
2844 1042 2956 1109 καὶ
3011 1040 3086 1111 τὸ
3141 1046 3259 1130 τῆς
3319 1043 3670 1131 ἑρμηνείας
3728 1042 4003 1132 κεχηνὸς

279 1151 656 1235 δηλοῦσα»,
700 1147 1041 1216 τουτέστιν
1077 1149 1338 1235 τρανῶς
1378 1146 1492 1213 καὶ
1537 1142 1988 1238 ἀνεφγμένως.
2071 1171 2102 1209 «
2122 1150 2273 1215 Τῶν
2319 1145 2396 1215 δὲ
2442 1147 2836 1234 συνδέσμων
2866 1149 2937 1216 οἱ
2960 1151 3083 1236 μέν
3110 1152 3240 1217 εἰσι
3278 1156 3774 1236 συμπλεκτικοί,
3822 1153 3894 1220 οἰ
3925 1149 4001 1220 δὲ

279 1260 749 1340 διαζευκτικοί,
797 1255 868 1322 οἰ
909 1252 984 1322 δὲ
1030 1258 1451 1339 συναπτικοί,
1499 1254 1570 1321 οἱ
1611 1251 1687 1321 δὲ
1731 1258 2335 1341 παρασυναπτικοί,
2384 1257 2457 1323 οἱ
2498 1252 2573 1322 δὲ
2619 1257 3083 1341 αἰτιολογικοί,
3140 1259 3212 1325 οἱ
3254 1255 3327 1325 δὲ
3373 1257 3886 1346 ἀπορηματικοί,
3933 1259 4006 1327 οἱ
4038 1273 4072 1324 5

280 1361 358 1432 δὲ
404 1365 924 1448 συλλογιστικοί,
971 1363 1043 1430 οἱ
1085 1359 1159 1429 δὲ
1204 1365 1895 1449 παραπληρωματικοί.
1988 1360 2479 1446 Συμπλεκτικοὶ
2533 1360 2655 1447 μὲν
2710 1353 2837 1430 οὖν
2892 1365 3064 1431 εἰσιν
3125 1359 3275 1431 ὅσοι
3321 1363 3445 1450 τὴν
3491 1363 3850 1450 ἑρμηνείαν
3896 1362 3996 1432 ἐπ’

277 1467 561 1557 ἄπειρον
609 1467 1061 1555 ἐκφερομένην
1116 1466 1593 1551 συνδέουσιν»,
1646 1467 1989 1535 τουτέστιν
2043 1461 2506 1558 ἀνεῳγμένην,
2561 1466 2893 1555 ἑπομένην
2949 1469 3050 1537 δέ·
3106 1470 3278 1538 «εἰσὶ
3333 1469 3409 1539 δὲ
3464 1472 3637 1552 οἵδε,
3692 1470 3845 1557 μέν,
3902 1472 4001 1556 δέ,

276 1576 381 1658 τέ,
444 1580 586 1660 καί,
647 1573 847 1660 ἀλλά,
912 1571 1110 1661 ἠμέν,
1165 1570 1315 1661 ἠδέ,
1372 1574 1504 1659 ἰδέ,
1560 1570 1762 1661 ἀτάρ,
1817 1569 2063 1659 αὐτάρ,
2118 1570 2298 1659 ἤτοι,
2352 1574 2505 1660 κέν,
2560 1572 2710 1642 ἄν».
2811 1577 3283 1663 Συμπλέκουσι
3338 1575 3414 1645 δὲ
3467 1575 3783 1645 διάνοιαν
3837 1574 3999 1663 μετὰ

279 1681 554 1767 τάξεως,
602 1679 694 1762 ῶς
736 1684 811 1750 ἐν
855 1679 1290 1768 ὑποδείγματι
1338 1678 1576 1761 οὕτως·
1623 1682 1768 1768 (Ev.
1815 1681 2049 1749 Matth.
2093 1681 2218 1769 III,
2270 1682 2379 1768 11)
2438 1679 2584 1767 ἐγώ
2632 1679 2773 1768 μὲν
2818 1685 3160 1768 βαπτίζω
3206 1680 3407 1770 ὑμᾶς
3462 1685 3546 1752 ἐν
3602 1681 3833 1752 ῦδατι
3889 1687 4004 1765 εἰς

279 1789 742 1876 μετάνοιαν,
809 1785 846 1855 ὁ
912 1785 997 1855 δὲ
1062 1785 1308 1855 ὀπίσω
1373 1812 1532 1873 μου
1596 1785 2024 1875 ἐρχόμενος
2088 1785 2605 1875 ἰσχυρότερός
2666 1812 2816 1874 μου
2880 1788 3123 1856 ἐστίν·
3189 1786 3404 1870 οῦτως
3463 1789 3575 1856 καὶ
3642 1793 3715 1858 οἱ
3776 1789 4000 1858 λοιποὶ
4039 1808 4108 1859 10

279 1895 646 1982 σύνδεσμοι
695 1896 1227 1981 ἰσοδυναμοῦσιν
1271 1891 1383 1960 καὶ
1429 1892 1872 1981 διαφέρουσιν
1917 1889 2228 1979 ἀλλήλων
2273 1890 2440 1962 κατὰ
2488 1890 2609 1980 τὴν
2656 1891 2986 1980 ἐπιφορὰν
3032 1899 3156 1963 τοῦ
3195 1894 3550 1983 νοήματος·
3598 1892 3746 1964 ἀλλ’
3799 1897 3872 1964 ἐν
3917 1899 3999 1985 τῇ

276 2002 432 2088 περὶ
478 2001 872 2087 συνδέσμων
915 1998 1222 2068 καθόλου
1258 1999 1607 2089 ἑρμηνείᾳ,
1654 2001 1717 2067 εἰ
1748 2002 1891 2092 θεῷ
1939 2003 2174 2085 φίλον,
2221 1997 2564 2087 εἰσόμεθα.
2646 1999 3149 2082 «Διαξευκτικοὶ
3188 2003 3271 2070 δέ
3302 2005 3475 2071 εἰσιν
3512 1998 3662 2070 ὅσοι
3708 1999 3831 2090 τὴν
3876 2001 4000 2088 μὲν

278 2106 537 2195 φράσιν
599 2107 1141 2192 ἐπισυνδέουσιν,
1207 2102 1339 2175 ἀπὸ
1407 2103 1482 2173 δὲ
1535 2103 1917 2194 πράγματος
1983 2109 2076 2186 εἰς
2139 2109 2411 2194 πρᾶγμα
2476 2109 2846 2176 διιστῶσιν·
2909 2108 3039 2176 εἰσὶ
3095 2106 3169 2177 δὲ
3227 2111 3402 2196 οἵδε,
3465 2106 3539 2197 ἥ,
3604 2107 3787 2196 ἤτοι,
3852 2105 4000 2195 ἠὼ·

281 2213 792 2300 διαζευγνύουσι
857 2212 931 2282 δὲ
992 2211 1118 2300 τὴν
1175 2212 1487 2281 διάνοιαν
1539 2215 1663 2279 τοῦ
1719 2209 2055 2298 ἀκροατοῦ
2112 2207 2355 2297 οῦτως,
2412 2208 2455 2298 ἢ
2509 2213 2688 2293 νέος
2742 2213 2958 2282 ἐστὶν
3013 2209 3057 2301 ἢ
3113 2214 3479 2300 παλαιός,
3534 2210 3577 2302 ἢ
3632 2213 3912 2302 μικρὸς
3954 2210 3999 2300 ἢ

279 2322 546 2408 μέγας,
598 2316 641 2408 ἢ
697 2319 837 2404 νὺξ
892 2325 1112 2389 ἔστιν
1166 2315 1208 2407 ἢ
1265 2315 1539 2408 ἡμέρα·
1593 2315 1809 2398 οῦτως
1850 2318 1962 2384 καὶ
2009 2320 2081 2386 οἰ
2119 2324 2374 2404 λοιποί,
2432 2316 2469 2387 ὁ
2518 2317 2691 2407 ἤτοι
2744 2320 2855 2388 καὶ
2910 2318 2948 2389 ό
3004 2318 3109 2409 ἠέ.
3200 2321 3657 2390 «Συναπτικοὶ
3703 2323 3784 2390 δέ
3827 2323 3999 2389 εἰσιν
4038 2337 4104 2389 15

279 2423 433 2496 ὅσοι
477 2424 763 2514 ῦπαρξιν
808 2427 931 2514 μὲν
978 2425 1061 2495 οὐ
1110 2428 1422 2513 δηλοῦσι,
1469 2430 1872 2512 σημαίνουσι
1918 2422 1994 2492 δὲ
2030 2419 2475 2494 ἀκολουθίαν·
2523 2426 2653 2495 εἰσὶ
2699 2425 2772 2496 δὲ
2811 2429 2987 2512 οἵδε,
3033 2436 3123 2512 εἴ,
3171 2437 3383 2514 εἴπερ,
3431 2426 3609 2514 εἰδή,
3657 2426 3997 2514 εἰδήπερ»·

280 2538 682 2619 σημαίνουσι
730 2532 805 2601 δὲ
862 2530 1278 2612 ἀκολουθίαν
1325 2528 1568 2617 οῦτως,
1627 2522 1778 2599 οἷον
1825 2531 1973 2620 (Ev.
2017 2531 2251 2600 Matth.
2296 2534 2420 2620 XI,
2470 2533 2581 2622 14)
2627 2536 2699 2602 εἰ
2740 2534 3013 2602 θέλετε
3068 2536 3483 2620 δέξασθαι,
3535 2531 3794 2614 Ἠλίας
3845 2533 3997 2622 ἤδη

277 2630 548 2725 ἦλθεν.
594 2638 1230 2726 «Παρασυναπτικοὶ
1262 2638 1340 2706 δέ
1363 2640 1535 2706 εἰσιν
1564 2634 1715 2706 ὅσοι
1743 2633 1900 2724 μεθ’
1934 2634 2278 2724 ῦπαρξεως
2302 2639 2415 2706 καὶ
2443 2639 2631 2722 τάξιν
2659 2644 3012 2727 δηλοῦσιν·
3042 2641 3172 2709 εἰσὶ
3202 2640 3277 2709 δὲ
3306 2643 3480 2727 οἵδε,
3509 2642 3680 2724 ἐπεί,
3709 2643 3995 2728 ἐπείπερ,

278 2745 540 2833 ἐπειδή,
603 2744 1024 2832 ἐπειδήπερν·
1084 2737 1530 2832 σημαίνὸυσιν
1596 2742 1670 2811 δὲ
1735 2740 2020 2830 ῦπαρξιν
2075 2743 2238 2831 μετὰ
2293 2745 2538 2829 τάξεως
2593 2744 2832 2828 οῦτως·
2889 2748 3038 2837 (Ev.
3083 2749 3233 2817 Luc.
3280 2750 3339 2835 Ι,
3389 2753 3420 2816 1
3448 2748 3618 2836 sqq.)
3673 2746 3998 2834 εἰδήπερ

278 2852 562 2921 πολλοὶ
601 2853 1103 2941 ἐπεχείρησαν
1140 2847 1678 2932 ἀνατάξασθαι
1722 2849 2099 2938 διήγησιν
2136 2852 2312 2940 περὶ
2348 2857 2504 2922 τῶν
2541 2855 3375 2942 πέπληροφορημένων
3413 2856 3495 2923 έν
3533 2852 3721 2942 ἡμῖν
3758 2879 3997 2942 πραγ-
4034 2871 4103 2922 20

277 2959 573 3046 μάτων,
628 2956 893 3039 καθῶς
946 2959 1395 3046 παρέδοσαν
1448 2956 1639 3046 ἡμῖν
1693 2961 1773 3026 οἱ
1822 2954 1948 3026 ἀπ’
2009 2956 2252 3047 ἀρχῆς
2305 2956 2688 3029 αὐτόπται
2741 2960 2870 3029 καὶ
2924 2957 3307 3048 ὑπηρέται
3371 2959 3793 3047 γενόμενοι
3856 2962 3997 3028 τοῦ

276 3065 552 3152 λόγου,
598 3069 819 3149 ἔδοξε
864 3062 1105 3155 κάμοὶ
1151 3063 1899 3154 παρηκολουθηκότι
1950 3063 2271 3134 ἄνωθεν
2307 3069 2548 3134 πᾶσιν
2585 3064 2932 3157 ἀκριβῶς
2966 3068 3095 3136 καὶ
3130 3069 3469 3154 καθεξῆς
3505 3086 3632 3137 σοι
3667 3065 3997 3155 γράψαι,

275 3172 642 3261 κράτιστε
689 3172 1043 3259 Θεόφιλε.
1120 3170 1457 3241 Ἐνταῦθα
1501 3170 1657 3252 τοὺς
1701 3169 1991 3252 πολλοὺς
2038 3168 2075 3240 ὁ
2122 3168 2591 3260 εὐαγγελιστὴς
2635 3174 2940 3262 πρῶτους
2984 3177 3230 3261 ἔθηκεν
3276 3173 3441 3242 κατὰ
3489 3173 3707 3256 τάξιν,
3756 3170 3997 3242 ἑαυτὸν

277 3279 354 3348 δὲ
400 3279 748 3366 δεύτερον·
792 3281 972 3362 τάξις
1016 3280 1096 3347 δέ
1139 3280 1318 3347 ἐστιν
1363 3283 1653 3368 πρῶτος,
1703 3277 2042 3366 δεύτερος,
2089 3284 2325 3364 τρίτος.
2416 3281 2914 3367 «Αἰτιολογικοὶ
2958 3281 3039 3350 δέ
3079 3284 3253 3350 εἰσιν
3308 3277 3458 3350 ὅσοι
3513 3276 3614 3349 ἐπ’
3675 3275 3997 3347 ἀποδόσει

276 3389 494 3466 αἰτίας
540 3386 763 3454 ἕνεκεν
806 3384 1467 3474 παραλαμβάνονται·
1524 3385 1653 3452 εἰσὶ
1701 3383 1776 3453 δὲ
1824 3387 1997 3467 οἵδε,
2044 3386 2189 3470 ἵνα,
2237 3382 2448 3471 ὄφρα,
2497 3384 2703 3473 ὅπως,
2750 3388 2976 3470 ἕνεκα,
3024 3384 3300 3468 οῦνεκα,
3347 3385 3491 3468 διό,
3536 3385 3741 3470 διότι,
3796 3385 3996 3471 καθό,
4033 3403 4102 3453 25

274 3492 550 3576 καθότι,
604 3491 968 3561 καθόσον».
1059 3489 1716 3579 Παραλαμβάνονται
1774 3489 1849 3559 δὲ
1906 3486 2006 3559 ἐπ’
2068 3488 2386 3560 ἀπόδοσει
2447 3496 2661 3574 αἰτίας
2718 3490 2957 3574 οὕτως·
3014 3493 3190 3582 (Act.
3245 3518 3345 3581 ap.
3402 3494 3519 3579 IV,
3564 3494 3678 3581 25)
3735 3495 3869 3560 ἵνα
3922 3498 4003 3561 τί

276 3599 680 3688 ἐφρύαξαν
727 3603 923 3685 ἔθνη
970 3598 1099 3667 καὶ
1145 3597 1323 3666 λαοὶ
1370 3598 1848 3685 ἐμελέτησαν
1894 3596 2115 3678 κενάς
2159 3597 2271 3666 καὶ
2319 3598 2466 3688 (Ev.
2502 3600 2733 3668 Matth.
2771 3601 2957 3687 XIX,
2992 3599 3065 3688 5)
3114 3600 3384 3668 ἕνεκεν
3430 3599 3723 3670 τούτου
3766 3624 3995 3666 κατα-

273 3712 535 3786 λείψει
593 3703 1019 3794 ἅνθρωπος
1073 3702 1213 3773 τὸν
1276 3705 1570 3791 πατέρα
1625 3700 1872 3771 αὑτοῦ
1929 3703 2059 3771 καὶ
2114 3702 2258 3790 τὴν
2312 3704 2605 3792 μητέρα
2669 3701 2946 3792 αὑτοῦ,
3009 3706 3138 3774 καὶ
3203 3704 3995 3796 προσκολληθήσεται

270 3817 365 3903 τῇ
433 3817 599 3903 ἰδίᾳ
659 3816 1001 3900 γυναικί.
1091 3809 1640 3899 «Ἀπορηματικοὶ
1697 3811 1776 3878 δέ
1826 3813 1999 3879 εἰσιν
2054 3807 2204 3879 ὅσοι
2260 3809 2751 3898 ἐπαποροῦντες
2805 3810 3088 3881 εἰῶθασι
3145 3817 3445 3882 συνδεῖν·
3511 3811 3640 3880 εἰσὶ
3698 3811 3771 3879 δὲ
3828 3813 3993 3897 οἵδε,

594 4078 824 4136 DISCR.
863 4077 1013 4135 SCR,
1051 4076 1132 4132 IN
1166 4075 1516 4132 MLHRKP
1586 4077 1624 4132 8
1660 4071 1837 4131 Σῦνδ.
1878 4074 1942 4132 δέ
1983 4070 2098 4131 ἐστι
2137 4075 2204 4130 Η
2229 4080 2237 4146 Ι
2269 4072 2535 4132 διάνοιαν
2574 4093 2681 4133 om.
2726 4077 2819 4146 ΡΙ
2858 4074 3095 4151 τάξεως]
3132 4076 3334 4144 λέξεως
3372 4077 3445 4132 Μ
3453 4077 3504 4131 L
3546 4079 3557 4148 Ι
3596 4074 3844 4146 κεχηνὸς
3879 4077 3948 4132 H
3976 4078 3996 4150 ζΙ

267 4167 310 4227 4
350 4168 524 4242 τσυτ.]
562 4163 626 4223 τὸ
665 4165 770 4238 μὲν
805 4167 1053 4237 κεχηνῶς
1078 4166 1144 4221 K
1170 4170 1181 4237 Ι
1212 4161 1594 4239 ἀνεῳγμέναις.
1634 4160 1901 4235 συνδήσει
1937 4161 2002 4220 δὲ
2031 4164 2131 4219 καὶ
2167 4162 2572 4237 συνδεσμεῦσει
2598 4164 2700 4230 τὰς
2726 4165 3140 4238 κεχωρισμένας
3166 4167 3263 4221 καὶ
3292 4164 3792 4236 διεσκορπισμένας
3816 4163 3996 4233 λέξεις

266 4258 376 4314 καὶ
412 4259 669 4320 διανοίας
704 4250 987 4319 εὖτάκτως
1022 4255 1088 4309 K
1125 4258 1146 4325 Ι
1185 4253 1222 4310 5
1258 4251 1320 4309 οἱ
1352 4250 1415 4310 δὲ
1463 4251 1571 4310 αἰτ.
1608 4251 1671 4309 οἰ
1702 4251 1767 4309 δὲ
1804 4257 2048 4322 παραπλ.
2107 4251 2168 4308 οἰ
2198 4253 2261 4310 δὲ
2301 4249 2464 4322 ἀκορ.
2502 4255 2713 4326 ίῐηῑιερ.
2754 4255 2823 4310 H
2862 4259 2872 4323 Ι
2921 4249 3375 4326 ἀπσρρηματικοί
3408 4255 3481 4308 M
3487 4254 3541 4309 L
3582 4255 3605 4322 Ι
3651 4252 3689 4309 6
3726 4252 3822 4308 καὶ
3859 4273 3993 4324 συμ-

265 4349 461 4401 nunt.
499 4345 624 4401 HR
655 4349 663 4414 Ι
695 4335 800 4401 οὖν
837 4360 945 4400 om.
987 4347 1046 4399 H
1067 4347 1088 4414 Ι
1127 4344 1156 4399 7
1196 4344 1465 4399 συνδοῦσι
1501 4343 1571 4398 H
1603 4347 1613 4412 Ι
1656 4338 2064 4413 άγνωουμένην
2103 4342 2179 4397 M
2184 4342 2262 4410 L,
2299 4337 2693 4415 ἀγνοουμένην
2729 4343 2835 4414 μὲν
2871 4343 3002 4398 RK
3009 4342 3090 4412 P,
3129 4343 3228 4398 sed
3263 4343 3323 4398 in
3358 4342 3415 4398 R
3451 4359 3592 4400 corr.
3624 4345 3634 4410 Ι
3666 4340 3777 4398 εἰσὶ
3812 4373 3879 4383 -
3919 4338 3992 4397 ἄν

263 4452 384 4492 om.
427 4434 487 4489 K
508 4436 529 4505 Ι
555 4434 592 4490 8
629 4431 718 4490 ἰδέ
755 4450 863 4490 om.
901 4432 1027 4488 ΒΡ
1048 4436 1070 4504 Ι
1094 4433 1132 4489 9
1168 4430 1404 4504 τάξεως]
1441 4430 1642 4499 λέξεωε
1681 4432 1755 4486 M
1763 4431 1814 4486 L
1843 4435 1852 4498 Ι
1887 4426 1950 4487 ἐν
1988 4446 2095 4486 om.
2133 4431 2260 4485 HR
2289 4434 2300 4502 Ι
2332 4430 2414 4495 εἰς
2450 4427 2757 4501 μετάνοιαν
2785 4449 2893 4489 om.
2922 4431 2989 4486 K
3007 4434 3030 4501 Ι
3054 4432 3132 4488 10
3170 4428 3392 4502 ἰσχυρός
3428 4450 3536 4501 μου
3564 4430 3620 4485 Β
3651 4433 3661 4498 Ι
3692 4450 3802 4501 μου
3842 4426 3990 4487 ἐστίν

266 4542 386 4582 om.
415 4523 478 4577 K
504 4526 513 4592 Ι
546 4517 725 4586 οῦτως
761 4520 1134 4593 διαφέρουσιν
1160 4520 1260 4576 καὶ
1290 4521 1390 4591 ΡΙ
1418 4520 1488 4575 11
1529 4520 1628 4576 καὶ
1663 4522 1825 4590 διαφ.
1856 4536 1961 4576 om.
1991 4520 2059 4574 K
2064 4521 2163 4590 ΡΙ
2190 4520 2263 4575 12
2291 4519 2608 4592 συνδέσμου
2635 4521 2701 4576 Κ
2721 4522 2741 4592 Ι
2769 4521 2843 4576 18
2869 4522 3146 4578 διιστᾶσιν
3189 4521 3265 4576 M
3269 4520 3324 4575 L
3353 4523 3363 4588 Ι
3394 4515 3491 4589 ἦέ,
3527 4518 3593 4590 ἥ,
3628 4515 3754 4590 ἤτοι
3782 4521 3993 4590 transp-

265 4612 404 4670 HR
435 4616 443 4681 Ι
475 4607 566 4684 ἦέ]
596 4610 677 4667 κέ.
695 4605 971 4681 “stupeat
997 4593 1102 4683 μὲν
1132 4602 1237 4666 οὖν
1264 4611 1529 4679 δηλοῦσιν
1554 4610 1654 4679 ΡΙ
1679 4610 1755 4665 14
1783 4609 1954 4682 διαζ]
1983 4605 2437 4676 διαζευκτίκοῦσι
2464 4628 2532 4666 ex
2559 4609 2936 4678 διαζευκτικσὶ
2965 4626 3104 4666 corr.
3124 4608 3311 4666 R1'15
3338 4602 3374 4679 ἣ
3402 4606 3506 4677 νύξ
3535 4640 3602 4650 -
3630 4604 3838 4680 ἡμέρα]
3868 4602 3992 4676 ἦτοι

263 4692 444 4764 οὗτος
479 4696 544 4772 ἠὲ
584 4702 683 4757 καὶ
719 4697 856 4757 οῦκί
883 4701 949 4755 Κ
974 4702 985 4772 Ι
1017 4695 1110 4773 ἦέ]
1148 4699 1213 4757 κε’
1255 4699 1355 4769 ΡΙ
1380 4698 1456 4755 16
1492 4703 1622 4770 post
1657 4694 2011 4754 ἀκολουθίαν
2047 4697 2174 4754 add.
2211 4698 2310 4754 καὶ
2345 4695 2506 4766 τάξιν
2540 4697 2607 4752 Η
2627 4701 2646 4768 Ε
2675 4698 2744 4753 17
2783 4698 3030 4771 σημαίν.]
3068 4696 3177 4754 εἰσὶ
3217 4698 3289 4752 Μ
3297 4697 3348 4751 L
3380 4695 3389 4766 Ι
3422 4693 3478 4752 εἰ
3508 4695 3657 4768 fist]
3698 4692 3990 4751 εἰσέλθατε

267 4792 336 4847 Ρ
367 4797 386 4856 ’,
424 4789 496 4844 18
531 4780 726 4859 ἦλθεν.
764 4789 862 4844 καὶ
899 4791 1057 4857 εἰπερ
1093 4783 1201 4860 γάρ
1236 4807 1297 4845 τε
1336 4783 1502 4858 χόλον
1538 4806 1600 4857 γε
1639 4788 1737 4843 καὶ
1774 4782 2033 4858 αὐτῆμαρ
2071 4786 2392 4856 καταπέψει
2429 4787 2495 4841 K
2520 4791 2530 4855 Ι
2561 4783 2747 4860 τάξιν]
2785 4782 2995 4854 τάξεως
3032 4787 3099 4842 H
3117 4788 3139 4856 Ι
3165 4786 3239 4843 19
3274 4778 3520 4854 ῦπαρξιν
3556 4803 3665 4841 om.
3703 4781 3830 4838 HR

591 4878 822 4934 Dlscss.
858 4877 1008 4936 Sca.
1047 4878 1124 4933 IN
1163 4876 1444 4933 LHRKP
1516 4876 1593 4934 20
1629 4875 1784 4948 περὶ]
1820 4872 1974 4945 παρὰ
2018 4876 2081 4932 Κ
2106 4880 2117 4947 Ι
2147 4875 2651 4946 πληροφσριμένων
2688 4875 2785 4944 ΕΙ
2818 4874 2889 4931 21
2930 4873 3271 4945 παρέδωκαν
3306 4873 3580 4943 ΚΡΙΞΞ
3614 4875 3883 4941 παρηκολ.
3920 4903 3990 4914 -

264 4966 455 5038 Θεόφ.
495 4983 604 5023 om.
633 4967 696 5021 K
716 4968 739 5035 Ι
763 4966 839 5023 28
877 4964 1086 5036 ἔθηξεν
1113 4967 1164 5021 L
1189 4969 1212 5036 Ι
1237 4965 1312 5022 24
1348 4962 1549 5022 Αἰτιολ.
1589 4966 1694 5035 μέν
1731 4963 1874 5021 εἰσιν
1912 4964 1969 5019 Ρ
1989 4967 2012 5034 Ι
2035 4965 2112 5023 25
2151 4963 2346 5020 ἕνεκεν
2382 4981 2491 5020 om.
2521 4964 2649 5020 HR
2678 4965 2689 5035 Ι
2719 4967 2847 5036 poet
2881 4958 3035 5029 ὅπως
3070 4965 3197 5022 add.
3237 4959 3341 5021 ἐὰν
3377 4960 3484 5033 γὰρ
3512 4961 3589 5030 H,
3628 4957 3733 5016 ἐὰν
3769 4953 3845 5016 ἂν
3879 4959 3936 5015 R
3977 4949 3987 5020 Ι

257 5063 402 5133 poet
436 5050 649 5112 οῦνεκα
686 5055 809 5111 add.
841 5050 932 5111 ὅτι
957 5055 1053 5126 ΡΙ
1077 5055 1153 5112 28
1181 5051 1360 5111 αὑτοῦ
1387 5057 1514 5126 post
1544 5073 1671 5108 πατ.
1702 5070 1809 5109 om.
1846 5051 1901 5106 P
1929 5059 1936 5122 Ι
1968 5057 2114 5125 poet.
2151 5049 2329 5110 αὑτοῦ
2357 5068 2467 5108 om.
2497 5053 2567 5108 H
2571 5052 2697 5108 ΒΡ
2718 5055 2739 5122 Ι
2763 5052 2841 5108 29
2874 5055 3116 5124 γυναικί.
3157 5050 3262 5108 ἐὰν
3299 5047 3534 5121 ὑγιαίνω
3571 5045 3987 5120 ἀναγνόσομαι.

257 5142 484 5206 οῦνεκα
519 5141 620 5200 τὸν
658 5141 884 5215 Χρύσην
921 5139 1189 5216 ἠτίμασεν
1225 5138 1479 5214 ἀρητῆρα
1517 5143 1580 5198 K
1605 5145 1615 5213 Ι
1641 5137 1982 5212 Ἄπορητιιιοὶ
2023 5143 2080 5197 P
2106 5147 2116 5212 Ι
2147 5136 2301 5206 ὅσοις
2337 5142 2407 5198 H
2430 5144 2441 5212 Ι
2471 5139 2763 5213 εἰώθαμεν
2798 5141 2867 5196 H
2872 5143 2929 5197 P
2955 5147 2966 5208 Ι
2997 5142 3255 5213 συνδεῖν]
3293 5139 3539 5209 χρῆσθαι
3576 5138 3645 5194 H
