4809 5959
1922 484 2356 552 ..35-

269 663 729 735 ἀποστέλλω
775 660 818 752 ἢ
867 667 1157 750 δίδωμι
1205 658 1246 750 ἢ
1295 662 1761 748 διαλέγομαι
1815 658 2036 729 καὶτὰ
2086 658 2304 748 ὅμοια.
2358 655 2485 728 «Ἡ
2533 657 2609 728 δὲ
2654 655 2979 745 αίτιατικὴ
3034 685 3199 728 κατα
3248 656 3619 746 αἰτιατικὴν
3664 664 3999 746 σημασίαν

272 771 611 859 λέγεται»,
671 763 820 840 οἷον
879 768 1018 840 τὸν
1078 771 1386 857 Πέτρον
1445 771 1635 840 αἰτῶ
1696 763 1738 855 ἢ
1799 771 2024 855 ζητῶ,
2084 769 2216 835 ἵνα
2276 762 2521 835 αὐτὸν
2579 764 2880 853 τιμήσω
2926 761 2968 853 ἢ
3016 762 3401 853 ἀτιμάσω,
3447 762 3490 853 ἢ
3536 765 3663 833 καὶ
3712 767 3794 835 έν
3840 762 3997 857 ὁδῷ

273 874 718 946 ἀποστείλω
754 873 798 964 ἢ
837 881 949 960 εἰς
987 875 1337 964 μεγάλην
1385 872 1615 958 ἀξίαν
1660 871 2142 961 ἀναβιβάσω.
2223 870 2348 942 «Ἡ
2376 872 2454 942 δὲ
2485 870 2759 960 κλητικὴ
2798 872 3446 962 προσαγορευτική»,
3491 871 3719 954 καθῶς
3756 871 4001 941 είώθα·

270 1008 403 1071 μεν
448 979 782 1069 ἀλλήλους
825 991 1055 1052 καλεῖν
1102 974 1156 1051 ῶ
1202 982 1468 1070 Πέτρε.

597 1084 1089 1158 «Ῥποπέπτωκε
1119 1087 1192 1158 δὲ
1218 1091 1310 1176 τῶ
1341 1084 1619 1176 ὀνόματι
1646 1089 1877 1172 ταῦτα,
1916 1080 1959 1153 ἃ
1987 1085 2097 1153 καὶ
2127 1082 2297 1154 αὐτὰ
2326 1088 2472 1171 εἴδη
2502 1082 3148 1173 προσαγορεύονται,
3184 1085 3446 1176 κύριον,
3482 1084 4000 1174 προσηγορικόν,
4038 1106 4071 1154 5

272 1196 616 1281 ἐπίθετον,
661 1192 829 1282 πρός
863 1220 927 1262 τι
965 1199 1142 1281 ἔχον,
1180 1191 1269 1274 ῶς
1305 1192 1472 1283 πρός
1507 1219 1564 1261 τι
1607 1198 1785 1281 ἕχον,
1829 1190 2215 1280 ὁμώνυμον,
2262 1190 2690 1279 συνώνυμον,
2735 1190 3161 1279 φερώνυμον,
3206 1190 3575 1280 διώνυμον,
3621 1190 4000 1280 ἐπώνυμον,

269 1300 586 1389 ἐθνικὸν,
633 1299 1146 1391 έρωτηματικόν,
1193 1297 1534 1390 ἀόριστον,
1573 1296 2016 1388 ἀναφορικόν,
2056 1294 2093 1367 ὃ
2130 1298 2242 1366 καὶ
2283 1294 2774 1386 ὁμοιωματικὸν
2808 1298 2922 1367 καὶ
2961 1296 3289 1368 δεικτικὸν
3324 1298 3436 1367 καὶ
3471 1296 4002 1368 ἀνταποδοτικὸν

273 1416 607 1494 καλεῖται,
653 1404 1147 1495 περιληπτικόν,
1194 1406 1754 1493 ἐπιμεριζόμενον,
1791 1403 2226 1493 περιεκτικόν,
2264 1406 2735 1493 πεποιημένον,
2779 1404 3080 1492 γενικόν,
3127 1405 3379 1492 ι’δικόν,
3422 1403 3763 1490 τακτικόν,
3808 1401 4004 1494 ἀριθ-

273 1514 584 1604 μητικόν,
621 1512 1144 1601 ἀπολελυμένον,
1180 1510 1726 1600 μετουσιαστικόν
1738 1536 1789 1577 ».
1869 1509 2177 1598 «Κύριον
2215 1511 2338 1598 μὲν
2375 1503 2505 1581 οὖν
2541 1514 2679 1581 ἐστι
2715 1510 2791 1581 τὸ
2820 1511 2946 1600 τὴν
2974 1517 3157 1582 ἰδίαν
3187 1511 3427 1583 οὐσίαν
3454 1511 3603 1601 ἤτοι
3629 1509 4000 1581 ὑπόστασιν

273 1635 642 1710 σημαῖνον·
700 1617 1197 1710 προσηγορικὸν
1251 1620 1332 1687 δέ
1373 1619 1510 1688 ἐστι
1556 1615 1632 1686 τὸ
1679 1613 1803 1703 τὴν
1848 1613 2086 1703 κοινὴν
2131 1617 2242 1685 καὶ
2285 1616 2446 1688 καθ’
2501 1616 2667 1688 ὅλου
2713 1614 2954 1688 οὐσίαν
3000 1623 3122 1688 τοῦ
3178 1624 3401 1701 εἴδους
3455 1631 3813 1707 σημαῖνον·
3869 1620 4002 1687 ἐπί-
4044 1636 4110 1687 10

271 1737 488 1797 θετον
546 1728 627 1795 δέ
669 1728 804 1796 έστι
849 1724 925 1796 τὸ
974 1726 1079 1798 ἐπὶ
1124 1729 1378 1812 κυρίων
1423 1719 1465 1811 ἢ
1512 1727 2025 1814 προσηγορικῶν
2073 1721 2447 1813 ὁμωνύμως
2490 1727 2848 1813 τιθέμενον
2892 1726 3004 1794 καὶ
3052 1730 3307 1814 δηλοῦν
3353 1732 3631 1798 ἔπαινον
3675 1721 3719 1812 ἢ
3766 1725 4003 1812 ψόγον.

278 1832 714 1922 Λαμβάνεται
760 1832 836 1901 δὲ
872 1835 1152 1921 τριχῶς»
1197 1830 1413 1920 ἤγουν
1439 1834 1753 1918 τρισσῶς,
1799 1827 1970 1898 (ἀπὸ
2021 1835 2267 1921 ψυχῆς,
2314 1829 2447 1901 ἀπὸ
2494 1830 2826 1919 σώματος,
2872 1828 3004 1902 ἀπὸ
3032 1837 3169 1902 τῶν
3197 1833 3408 1914 ἐκτός
3453 1830 3584 1901 ἀπὸ
3631 1831 3752 1919 μὲν
3791 1835 4007 1919 ψυχῆς

275 1938 374 2022 ὥς
439 1941 814 2028 σώφρων,
877 1936 1385 2020 ἀκόλαστος»·
1451 1940 1749 2007 ἐνταῦθα
1811 1935 1888 2006 τὸ
1954 1934 2077 2024 μὲν
2141 1934 2478 2025 σώφρων
2545 1943 2822 2007 ἔπαινον
2884 1945 3225 2027 σημαίνει,
3287 1937 3363 2008 τὸ
3430 1938 3505 2009 δὲ
3568 1936 4006 2018 ἀκόλαστος

275 2046 521 2134 ψόγον.
612 2043 807 2114 (Ἀπὸ
856 2045 929 2114 δὲ
976 2045 1281 2133 σώματος
1326 2040 1418 2126 ῶς
1460 2043 1697 2133 ταχὺς
1741 2043 1854 2113 καὶ
1898 2042 2268 2130 βραδύς»·
2313 2045 2427 2112 καὶ
2465 2046 2764 2114 ἐνταῦθα
2799 2042 2874 2113 τὸ
2914 2044 3038 2133 μὲν
3082 2044 3318 2134 ταχύς
3362 2050 3640 2115 ἔπαινον
3675 2051 4004 2134 σημαίνει,

273 2152 359 2222 τὸ
411 2152 485 2222 δὲ
528 2152 829 2243 βραδύς
873 2151 1119 2240 ψόγον·
1167 2150 1382 2232 οὕτως
1424 2151 1536 2220 καὶ
1581 2149 1660 2219 τά
1710 2149 1927 2238 ὅμοια.
2019 2148 2212 2219 «Ἀπὸ
2262 2150 2340 2220 δὲ
2382 2155 2520 2221 τῶν
2557 2149 2744 2233 έκτὸς
2781 2148 2873 2233 ῶς
2917 2151 3327 2238 πλούσιος,
3372 2154 3674 2239 πένηςν·
3719 2156 4008 2232 πλοῦτος
4047 2170 4112 2219 15

275 2259 415 2347 γὰρ
470 2260 582 2328 καὶ
636 2265 831 2329 πενία
885 2256 1011 2328 οὐκ
1067 2261 1141 2328 έν
1195 2263 1286 2352 τῷ
1343 2257 1630 2345 σώματι,
1687 2255 1835 2327 ἀλλ’
1896 2253 2081 2338 ἐκτὸς
2134 2260 2255 2325 τοῦ
2310 2255 2615 2344 σώματός
2672 2260 2869 2326 εἰσιν·
2932 2257 3292 2346 γύμνωσον
3355 2256 3485 2349 γὰρ
3549 2256 3843 2347 ἄρχοντα
3896 2258 4007 2326 καὶ

279 2368 568 2455 πένητα,
613 2366 726 2434 καὶ
764 2363 968 2436 οὐδὲν
1007 2363 1209 2447 αλλος
1251 2364 1376 2434 τὸν
1411 2363 1620 2434 ἄλλον
1657 2367 2045 2451 σωματικῶς
2079 2359 2400 2453 ὑπερέχει.
2475 2363 2706 2451 «Πρός
2741 2390 2803 2432 τι
2840 2368 2996 2452 ἕχον
3034 2366 3115 2433 δέ
3147 2367 3326 2434 ἐστιν
3363 2362 3452 2447 ῶς
3486 2365 3767 2454 πατήρ,
3803 2364 4008 2450 υἱός,

279 2480 549 2562 φίλος,
603 2470 932 2554 δεξιός»·
989 2468 1025 2542 ὁ
1082 2471 1212 2560 γὰρ
1267 2470 1483 2560 πατὴρ
1540 2477 1673 2561 ἔχει
1725 2470 1892 2561 πρὸς
1945 2468 2067 2539 τὸν
2123 2467 2277 2539 υἱὸν
2331 2467 2533 2557 ὑϊκὴν
2588 2472 2847 2559 σχέσιν,
2905 2471 3016 2540 καὶ
3072 2468 3110 2540 6
3157 2470 3307 2553 υίὸς
3350 2470 3514 2560 πρὸς
3576 2472 3699 2542 τὸν
3761 2474 4011 2560 πατέρα

280 2605 615 2668 πατρικην
661 2579 916 2667 σχέσιν·
964 2575 1212 2666 ὁμοίως
1255 2578 1367 2647 καὶ
1414 2583 1610 2665 φίλος
1656 2577 1926 2664 [δεξιὸς]
1972 2574 2140 2666 πρὸς
2184 2576 2306 2647 τὸν
2351 2578 2597 2648 ἑαυτοῦ
2642 2585 2845 2666 φίλον
2892 2575 3305 2667 άγαπητικὴν
3352 2581 3578 2668 σχέσιν
3624 2585 3773 2668 ἔχει.
3864 2575 4012 2659 (Ως

279 2685 456 2773 πρός
499 2711 560 2754 τι
607 2691 764 2774 ἔχον
811 2686 890 2755 δέ
932 2686 1114 2754 ἐστιν
1160 2681 1253 2765 ῶς
1296 2684 1468 2770 νύξ,
1515 2682 1834 2774 ἡμέρα»
1890 2681 1966 2753 τὸ
2013 2681 2142 2771 γάρ
2197 2680 2298 2766 ῶς
2360 2686 2691 2774 ἐπίρρημα
2746 2682 3239 2774 ὁμοιωματικόν
3295 2688 3492 2755 ἐστιν.
3583 2683 4008 2774 «Ὁμώνυμον
4047 2702 4116 2752 20

281 2796 368 2863 δέ
411 2795 592 2862 ἐστιν
637 2789 854 2880 ὄνομα
898 2791 973 2861 τὸ
1020 2789 1187 2860 κατὰ
1235 2795 1505 2862 πολλῶν
1553 2789 1926 2880 ὁμωνύμως
1978 2791 2366 2877 τιθέμενον,
2423 2784 2574 2860 οἷον
2628 2792 2732 2861 ἐπὶ
2787 2791 2911 2880 μὲν
2964 2797 3249 2878 κυρίων,
3307 2788 3399 2873 ῶς
3442 2800 3639 2873 Αἴας
3685 2788 3722 2860 6
3777 2798 4011 2861 Τελα-

277 2897 585 2987 μώνιος
635 2899 748 2967 καὶ
795 2905 992 2978 Αἴας
1038 2895 1075 2968 6
1119 2894 1443 2979 Ἰλέως»·
1495 2901 1703 2967 ταῦτα
1756 2894 1886 2986 γὰρ
1939 2899 2019 2985 τῇ
2078 2894 2429 2989 ὁμωνυμίᾳ
2481 2902 2919 2984 κοινωνοῦσι,
2974 2903 3053 2988 τῇ
3111 2899 3186 2967 δὲ
3240 2902 3474 2988 τοπικῇ
3530 2903 3823 2989 σημασίᾳ
3869 2902 4009 2966 δια-

281 3005 632 3094 φέρουσιν.
724 3002 903 3073 «Ἐπὶ
951 3004 1028 3073 δὲ
1081 3007 1625 3093 προσηγορικῶν,
1673 3000 1764 3084 ῶς
1809 3007 1956 3092 μῦς
1998 3003 2433 3087 θαλάττιος
2458 3005 2570 3074 καὶ
2616 3009 2763 3093 μῦς
2806 3004 3213 3093 γηγενής>·
3270 3003 3518 3093 ὁμοίως
3542 3006 3654 3073 καὶ
3691 3010 3899 3074 ταῦτα
3928 3008 4008 3095 τῇ

285 3108 649 3202 ὁμωνυμίᾳ
691 3114 1131 3196 κοινωνοῦσι,
1177 3113 1255 3200 τῇ
1304 3109 1378 3179 δὲ
1426 3115 1722 3201 διαφορᾷ
1758 3114 1877 3198 τῆς
1911 3115 2036 3198 γῆς
2060 3111 2171 3180 καὶ
2197 3115 2315 3199 τῆς
2339 3110 2690 3199 θαλάσσης
2735 3113 3193 3200 διαφέρουσιν.
3257 3110 3726 3199 «Συνώνυμον
3763 3112 3842 3180 δέ
3874 3115 4013 3181 ἐστι

277 3215 364 3287 τὸ
397 3219 470 3287 έν
507 3216 863 3305 διαφόροις
894 3214 1182 3304 ὀνόμασι
1207 3214 1284 3286 τὸ
1313 3213 1478 3286 αὐτὸ
1518 3221 1806 3304 δηλοῦν,
1850 3209 1998 3287 οἷον
2036 3215 2211 3307 ἄορ,
2250 3220 2504 3306 ξίφος,
2541 3217 2916 3306 μάχαιρα,
2947 3217 3243 3306 σπάθη,
3271 3216 3752 3306 φάσγανον»·
3805 3222 4014 3288 ταῦτα
4050 3235 4118 3285 25

279 3323 418 3412 γὰρ
465 3323 683 3393 πάντα
728 3327 802 3393 ἓν
850 3319 1028 3403 εἶδος
1073 3328 1508 3411 σημαίνουσι,
1565 3327 1850 3412 σίδηρον
1905 3319 2180 3412 ἀμφήκη
2225 3325 2567 3393 τουτέστιν
2612 3321 3097 3412 ἀμφοτέρωθεν
3150 3322 3597 3412 ἠκονημένον·
3650 3327 3857 3392 ταῦτα
3901 3326 4013 3394 καὶ

277 3430 371 3501 τὰ
423 3428 624 3518 ὅμοια
667 3428 931 3510 τούτοις
975 3427 1155 3516 παρὰ
1201 3443 1342 3509 τοῖς
1388 3427 1791 3517 φιλοσόφοις
1836 3432 2243 3519 πολυώνυμα
2289 3432 2612 3518 λέγονται.
2705 3430 3166 3517 «Φερώνυμον
3222 3432 3302 3499 δέ
3350 3433 3487 3500 ἐστι
3533 3428 3609 3499 τὸ
3656 3429 3787 3500 ἀπό
3830 3456 4015 3512 τινος

281 3535 789 3626 συμβεβηκότος
833 3537 1063 3623 τεθέν,
1118 3531 1209 3617 ῶς
1262 3534 1700 3624 Τισαμενός
1750 3535 1861 3603 καὶ
1913 3538 2503 3625 Μεγαπένθης».
2594 3541 2730 3604 Καὶ
2776 3536 2927 3624 περὶ
2981 3535 3106 3625 μὲν
3159 3541 3281 3605 τοῦ
3337 3538 3917 3625 Μεγαπένθους
3969 3535 4011 3625 ἡ

577 3731 803 3789 DISCR.
844 3730 992 3788 SCR.
1031 3731 1109 3787 IN
1146 3730 1427 3788 LHRKP
1475 3731 1507 3786 1
1550 3726 1846 3787 ἐπιστέλλω
1875 3731 1931 3788 Β
1962 3733 1972 3798 Ι
2012 3730 2112 3785 καὶ
2146 3728 2216 3787 τά
2254 3727 2345 3802 ὄμ.
2385 3749 2495 3789 om.
2538 3733 2593 3787 P
2621 3737 2631 3799 1
2660 3728 2807 3788 κατὰ
2844 3763 2915 3774 -
2951 3732 3090 3805 λεγ.]
3127 3730 3275 3788 κατὰ
3314 3730 3505 3789 αἰτίαν
3540 3729 3669 3789 τινὰ
3707 3728 3940 3804 ἀγαθὴν
3976 3723 4012 3801 ἢ

283 3818 480 3890 κακὴν
521 3819 577 3875 Ρ
597 3822 619 3890 Ι
644 3820 681 3877 2
719 3820 965 3893 Πέτρον]
1003 3816 1251 3877 ἀνανίαν
1287 3819 1364 3889 Κ,
1400 3814 1701 3887 θεόδωρον
1729 3819 1818 3891 ΡΙ
1851 3819 2019 3893 ζητῶ]
2057 3819 2210 3896 θίλρο
2238 3821 2308 3876 H
2326 3824 2347 3891 Ι
2371 3821 2411 3878 8
2445 3815 2481 3891 ἢ
2520 3820 2602 3885 εἰς
2637 3853 2707 3863 -
2742 3816 3074 3896 ἀναβιβάσαι
3110 3839 3220 3879 om.
3249 3823 3315 3878 H
3336 3823 3421 3892 14
3456 3821 3667 3896 Πέτρε]
3702 3817 3933 3888 ἀνανία,
3970 3813 4016 3877 ῶ

281 3906 563 3979 θεοφάνη
599 3910 666 3965 Κ
693 3906 981 3978 θεόδωρε,
1019 3901 1064 3966 ῶ
1099 3905 1371 3980 θεοφάνη
1411 3909 1468 3963 P
1507 3909 1528 3978 Ι
1571 3908 1609 3964 5
1645 3908 1706 3963 in
1740 3926 1854 3979 mg.
1891 3908 2019 3965 add.
2058 3909 2188 3978 περὶ
2224 3907 2395 3966 εἰδῶν
2432 3911 2501 3966 H
2536 3914 2557 3980 Ι
2599 3911 2639 3966 6
2684 3907 2894 3981 φερών.
2931 3906 3134 3967 συνών.
3170 3915 3377 3982 ΜΡ.
3415 3911 3485 3966 H
3508 3915 3519 3980 Ι
3552 3906 3721 3968 έπών.
3758 3927 3867 3967 om.
3911 3909 3967 3965 P
4009 3941 4013 3954 ι

289 3998 325 4054 7
371 3991 637 4067 ἀόριστον
674 4027 741 4038 -
778 3999 951 4054 δεικτ.
991 4014 1100 4055 om.
1136 3998 1193 4053 Β
1219 3997 1303 4067 118
1339 3991 1836 4068 περιμεριζόμενον
1874 3997 1926 4052 L
1955 3999 1967 4068 Ι
2006 3996 2430 4068 περιεκτητικόν
2466 3999 2535 4054 H
2562 4002 2583 4070 ΙΙ
2615 4000 2654 4055 9
2689 3999 2789 4054 καὶ
2824 4017 3046 4070 μετουσ.
3082 3999 3210 4055 HR
3241 4002 3251 4069 Ι
3280 3996 3385 4068 τὴν
3420 4016 3529 4059 om.
3566 4000 3620 4054 L
3653 4001 3676 4070 Ι
3711 3999 3787 4055 10
3822 4004 4018 4069 σημαί-

287 4085 424 4158 νον]
462 4084 584 4143 οἷον
621 4081 854 4157 ὅμηρος,
889 4083 1178 4156 σωκράτης
1217 4087 1274 4141 Ρ
1310 4089 1319 4156 Ι
1363 4088 1496 4158 post
1530 4087 1734 4157 poster.
1774 4092 2048 4156 σημαῖνον
2084 4088 2211 4145 add.
2250 4088 2373 4145 οἷον
2410 4083 2742 4157 ἄνθρωπος,
2778 4088 2950 4152 ἵππος
2983 4089 3053 4143 H
3058 4089 3166 4159 ΡΙ
3211 4088 3281 4144 11
3322 4081 3385 4160 ἦ]
3422 4087 3521 4143 καὶ
3557 4088 3626 4143 H
3663 4090 3683 4158 Ι
3729 4087 3801 4143 12
3839 4083 4019 4157 ἤγουν

287 4176 526 4244 τρισσῶς
561 4193 671 4232 om.
714 4175 805 4242 ΡΙ
836 4175 933 4231 καὶ
969 4170 1085 4231 ἀπὸ
1122 4175 1236 4230 τῶν
1272 4176 1341 4230 H
1374 4178 1384 4242 1
1426 4171 1602 4238 ἐκτός.
1641 4175 1741 4230 καὶ
1777 4170 1892 4232 ἀπὸ
1935 4175 1992 4230 Ρ
2031 4177 2052 4246 Ι
2098 4173 2172 4233 13
2207 4173 2424 4246 σόφρον
2460 4169 2495 4246 ἢ
2533 4171 2690 4233 ἀκόλ.
2733 4177 2826 4244 ΡΙ
2859 4174 3117 4233 ἐνταῦθα
3150 4207 3219 4218 -
3255 4170 3467 4248 ψόγον]
3504 4178 3725 4240 δίκαιος
3760 4175 3858 4231 καὶ
3893 4172 4019 4232 ἄδι-

285 4284 394 4329 κος
429 4265 494 4319 K
513 4268 534 4335 Ι
562 4263 636 4320 14
663 4258 777 4320 ἀπὸ
807 4261 869 4320 δὲ
900 4259 1154 4335 σώματος
1181 4280 1290 4321 om.
1318 4265 1387 4319 H
1412 4269 1423 4334 Ι
1453 4260 1626 4334 ταχὺς
1663 4260 1896 4338 βραδύς,
1932 4262 2119 4336 παχύς
2145 4266 2244 4321 καὶ
2272 4260 2460 4336 ἰσχνός
2487 4266 2552 4320 K
2571 4267 2593 4335 Ι
2619 4266 2694 4321 15
2728 4264 2928 4335 πένης]
2956 4265 3055 4321 καὶ
3084 4261 3315 4327 εἰκότως
3340 4264 3407 4319 K
3424 4267 3446 4334 ΙΙ
3474 4265 3549 4322 10
3574 4262 3893 4338 γύμνωσον]
3924 4265 4020 4320 καὶ

293 4354 401 4424 ΡΙ
427 4353 496 4410 17
526 4348 690 4417 ἄλλος
716 4349 817 4409 τὸν
852 4370 963 4409 om.
1002 4354 1095 4426 ΡΙ
1125 4350 1315 4426 ἄλλος]
1345 4348 1480 4408 ἄλλο
1506 4352 1563 4408 Β
1593 4355 1603 4422 Ι
1634 4349 1735 4409 τὸν
1771 4349 1941 4410 ἄλλον
1977 4353 2054 4409 Lx
2094 4354 2205 4409 τῶν
2234 4349 2417 4410 ἄλλων
2443 4354 2525 4422 Β,
2561 4355 2663 4410 τοῦ
2700 4351 2870 4410 ἄλλον
2898 4354 3036 4409 ΗΚ
3066 4356 3235 4424 atquo
3272 4354 3391 4410 nine
3418 4353 3521 4410 τοῦ
3543 4353 3637 4427 ΡΙ
3669 4354 4017 4426 σωματικῶς]

289 4440 596 4512 διαφέρειν
624 4441 688 4496 H
716 4444 726 4511 Ι
757 4437 1000 4513 ὑπάρχει
1031 4443 1099 4513 Ρ,
1128 4438 1394 4512 ὑπερέξει
1411 4442 1468 4498 Β
1490 4443 1498 4514 Ι
1520 4438 1728 4511 aeaco}
1759 4440 1889 4514 ἔχον
1918 4439 2070 4499 ἐστὶν
2088 4443 2155 4497 Η
2175 4445 2196 4514 Ι
2223 4442 2298 4500 18
2325 4441 2423 4497 καὶ
2450 4438 2481 4498 6
2510 4438 2637 4507 υἱὸς
2663 4473 2730 4484 -
2760 4441 2949 4512 σχέσιν
2976 4458 3086 4499 om.
3113 4442 3245 4498 LH
3263 4446 3284 4513 Ι
3311 4442 3385 4497 19
3413 4438 3599 4510 δεξιὸς
3625 4459 3818 4498 omnen
3842 4443 3851 4514 Ι
3876 4440 4017 4516 ἔχει]

285 4531 540 4603 χρεωστῆ
578 4525 807 4602 α’γαυτῶ
848 4530 946 4601 ΡΙ
971 4529 1050 4587 20
1087 4527 1217 4601 ἔχον
1254 4547 1362 4587 om.
1401 4531 1469 4585 H
1492 4530 1503 4602 Ι
1534 4526 1746 4610 ἡμέρα,
1779 4529 2059 4600 θάνατος,
2097 4528 2210 4601 ζωή
2246 4531 2377 4588 RK
2384 4533 2478 4604 ΡΙ
2511 4527 2677 4588 ἐστιν.
2714 4527 2751 4603 ἡ
2789 4529 2897 4601 γὰρ
2933 4528 3037 4599 νὺξ
3074 4527 3336 4603 πρόσεστι
3374 4531 3472 4602 τῆς
3510 4527 3736 4603 ἡμέρας,
3776 4527 3905 4587 ἀλλ’
3942 4527 4011 4588 ού

287 4618 687 4691 συμπαροῦσιν
724 4613 818 4674 έπὶ
855 4615 919 4674 τὸ
956 4613 1119 4689 αύτό,
1155 4619 1250 4676 οἷα
1286 4618 1385 4674 καὶ
1423 4615 1518 4676 ἐπὶ
1553 4619 1654 4674 τοῦ
1692 4617 1903 4690 πατρὸς
1937 4620 2034 4677 καὶ
2065 4618 2222 4677 υἱοῦ·
2260 4617 2549 4692 παρούσης
2573 4618 2682 4692 γὰρ
2710 4622 2810 4692 τῆς
2843 4616 3058 4692 ἡμέρας
3091 4615 3127 4690 ἦ
3164 4617 3269 4689 νὺξ
3298 4616 3403 4691 ούχ
3432 4621 3680 4677 ἵσταται·
3732 4619 3815 4676 ἔτι
3852 4621 3950 4675 καὶ
3988 4615 4019 4674 6

283 4703 553 4771 θάνατος
589 4701 785 4776 παρῶν
822 4702 934 4776 ζωὴ
972 4701 1045 4763 ού
1082 4704 1316 4775 σώζεται
1341 4708 1547 4778 K121
1589 4705 1741 4765 ἐστιν
1776 4726 1884 4765 om.
1919 4710 2011 4780 ΡΙ
2043 4708 2166 4766 οἷον
2201 4742 2274 4752 -
2309 4711 2520 4781 κυρίων
2555 4727 2663 4767 om.
2694 4709 2891 4782 1²12ss
2926 4705 2959 4765 6
3000 4706 3159 4773 ἰλέως
3187 4709 3266 4765 L:
3304 4704 3502 4774 όϊλέως
3528 4709 3616 4777 K,
3652 4704 3684 4765 6
3722 4703 3920 4771 όϊλέως
3951 4707 4020 4777 Ρ,

287 4792 326 4854 6
369 4796 470 4854 τοῦ
508 4791 705 4860 όῖλέως
741 4796 828 4867 Η,
866 4792 897 4852 6
935 4791 1107 4867 ἡλέας
1141 4797 1197 4853 Β
1228 4801 1238 4867 Ι
1279 4796 1453 4861 ίλεῶς.
1493 4792 1588 4853 ἐπὶ
1623 4798 1735 4853 τῶν
1772 4800 1982 4869 κυρίων
2019 4800 2200 4855 ταῦτα
2239 4800 2296 4855 Ρ
2335 4801 2356 4870 Ι
2401 4798 2479 4856 24
2515 4798 2616 4868 τῆς
2649 4797 2715 4854 δὲ
2755 4799 3044 4869 διαφορᾶς
3078 4798 3210 4854 LH
3244 4800 3266 4868 Ι
3307 4796 3381 4856 25
3419 4791 3660 4870 ὀνόμασι
3696 4813 3803 4853 om.
3844 4795 3977 4850 LH
4006 4797 4015 4868 1

287 4882 402 4956 ἄορ
441 4902 550 4943 om.
588 4883 647 4940 Β
676 4889 686 4956 Ι
717 4880 823 4956 ἆορ
860 4886 1025 4955 ξίφος
1061 4882 1310 4958 μάχαιρα
1347 4881 1545 4961 ζιβύνη
1575 4882 1872 4958 φάσγανον
1909 4890 2122 4952 σπωθίς
2148 4886 2204 4943 Β
2234 4890 2243 4955 Ι
2275 4882 2474 4957 σπάθη
2510 4883 2640 4958 μάχ.
2677 4889 2888 4958 tmnsp.
2920 4887 2988 4941 H
3005 4889 3026 4957 Ι
3052 4887 3128 4943 26
3151 4884 3220 4942 ἲν
3249 4882 3424 4957 εἶδος]
3464 4881 3528 4942 ἓν
3563 4880 3680 4959 ὁδῷ
3709 4884 3776 4939 K
3800 4887 3811 4954 Ι
3840 4884 4022 4940 ταῦτα

287 4973 396 5030 καὶ
429 5006 502 5016 -
536 4966 822 5048 λέγονται]
860 4967 1040 5039 οὕτως
1073 4975 1241 5032 τοῦτο
1276 4976 1376 5031 καὶ
1411 4975 1636 5046 λέγεται
1672 4975 1871 5046 1212?
1906 4973 2153 5049 τούτοις]
2189 4972 2529 5048 ἦκονιμένα,
2563 4975 2746 5032 ταῦτα
2781 4975 2847 5032 δὲ
2885 4978 2985 5032 καὶ
3018 4973 3089 5033 τὰ
3122 4976 3361 5033 τοιαῦτα
3401 4975 3458 5030 Ρ

617 5062 845 5120 DISCR.
894 5062 1046 5122 SCR.
1093 5064 1174 5120 IN
1218 5063 1574 5121 MLHRKP
1647 5065 1714 5120 27
1773 5065 2054 5138 λέγονται]
2111 5064 2417 5120 καλοῦνται
2462 5063 2601 5119 ΗΚ
2635 5067 2657 5134 Ι
2701 5063 2778 5122 28
2823 5060 2867 5121 ὦ
2912 5061 3257 5136 στησάμενος
3294 5064 3391 5133 Μ,
3445 5058 3521 5128 ῶς
3567 5057 3899 5135 στισαμενός
3943 5064 4023 5134 Κ,

283 5147 374 5217 ὥς
407 5152 712 5224 τισαμένης
745 5154 815 5209 H
3522 5223 3596 5278 ὅ.
