4809 5959
2441 465 2878 532 „23-

793 644 916 709 τοῦ
976 637 1588 728 ἀναγινώσκοντος,
1643 641 1983 709 τουτέστιν
2038 639 2126 728 μὴ
2186 644 2308 722 ἔξω
2365 644 2484 727 τῆς
2535 643 2972 729 προκειμένης
3025 638 3465 727 ἀναγνώσεως
3519 648 3966 729 μεταπίπτειν·
4030 637 4387 730 προφορὰν
4442 639 4519 711 δὲ

792 745 918 833 τὴν
965 744 1078 815 διὰ
1126 751 1359 834 φωνῆς
1404 746 1701 835 ἐκφορὰν
1747 751 1869 815 τοῦ
1915 747 2124 834 λόγου
2168 745 2452 834 νόησον·
2500 750 2636 814 ἔστι
2682 746 2811 835 γὰρ
2858 746 3057 833 λόγος
3100 747 3515 838 προφορικὸς
3551 744 3588 816 ὁ
3629 745 3742 817 διὰ
3781 752 4013 835 φωνῆς
4054 745 4519 835 ἐκφερόμενος,

794 853 907 920 καὶ
963 858 1145 921 ἔστιν
1199 852 1401 939 λόγος
1455 851 1844 934 ἐνδιάθετος
1900 851 1936 921 ὁ
1994 856 2067 922 ἐν
2120 858 2200 943 τῇ
2254 857 2500 944 καρδίᾳ
2555 852 3018 941 μελετώμενος.
3119 856 3400 942 Πρῶτος
3454 852 3582 942 γάρ
3631 854 3813 922 ἐστιν
3860 851 3896 922 ὁ
3945 850 4336 932 ἐνδιάθετος
4395 855 4520 921 τοῦ

792 964 1244 1050 προφορικοῦ·
1292 964 1560 1049 πρῶτον
1605 959 1736 1047 γὰρ
1783 963 2156 1047 μελετῶμεν
2204 954 2242 1028 ὃ
2288 960 2580 1047 θέλομεν
2626 964 2838 1029 εἰπεῖν
2885 962 2960 1028 ἐν
3004 964 3084 1050 τῇ
3130 965 3374 1052 καρδίᾳ
3418 957 3611 1048 ἡμῶν
3657 961 4092 1046 ἐνδιαθέτως,
4145 959 4258 1026 καὶ
4304 956 4520 1039 οὕτως

724 1084 756 1132 5
794 1065 941 1134 τότε
978 1071 1408 1156 προφορικῶς
1445 1067 1830 1155 ἐκφέρομεν.
1903 1063 2435 1152 «Ἀναγνωστεόν
2474 1065 2550 1135 δὲ
2584 1064 2745 1135 καθ’
2786 1065 3174 1155 ὑπόκρισιν,
3221 1065 3386 1136 κατὰ
3421 1071 3839 1161 προσῳδίαν,
3885 1065 4052 1136 κατὰ
4089 1063 4455 1152 διαστολήν
4465 1090 4516 1133 ν.

784 1169 1160 1263 ’Τπόκρισίς
1216 1174 1396 1242 ἐστιν
1452 1177 1683 1261 φωνῆς
1735 1173 1846 1241 καὶ
1903 1171 2236 1261 σχήματος
2288 1171 2546 1260 πιθανὴ
2603 1172 2940 1259 διάθεσις,
3004 1174 3346 1263 πρέπουσα
3398 1177 3489 1266 τῷ
3546 1169 3959 1266 ὑποκειμένῳ
3986 1171 4349 1264 ’προσώπῳ
4403 1172 4517 1240 καὶ

791 1278 1144 1367 πράγματι.
1192 1278 1400 1349 «κατὰ
1427 1283 1857 1372 προσῳδίαν»
1887 1280 1985 1367 δέ,
2013 1282 2127 1347 ἵνα
2155 1281 2229 1349 ἐν
2256 1278 2380 1367 μὲν
2407 1292 2549 1359 τοῖς
2574 1278 2799 1359 τόνοις
2825 1284 3144 1366 τείνωμεν
3179 1305 3306 1366 την
3342 1277 3582 1367 φωνὴν
3619 1281 3693 1348 ἐν
3731 1273 3835 1359 αἷς
3870 1291 4125 1347 κεῖνται
4151 1282 4516 1365 συλλαβαῖς

792 1383 955 1454 κατὰ
1002 1386 1129 1474 τὴν
1175 1388 1459 1456 ἑκάστου
1505 1386 1863 1475 διαφοράν.
1955 1387 2377 1474 Διαφέρουσι
2423 1383 2554 1473 γὰρ
2601 1382 2909 1472 ἀλλήλων
2957 1388 3027 1452 ot
3064 1385 3256 1455 τόνοι
3311 1383 3549 1465 οὕτως·
3607 1383 3651 1472 ἡ
3697 1385 3821 1472 μὲν
3877 1383 4059 1467 desta
4112 1384 4515 1473 λεπτοτάτην

793 1498 1038 1581 ἔχουσα
1085 1491 1323 1582 φωνὴν
1370 1494 1475 1562 ἐπὶ
1521 1493 1600 1561 τὰ
1649 1491 1792 1561 ἅνω
1839 1498 2067 1562 τείνει·
2124 1491 2167 1580 ἡ
2215 1492 2289 1562 δὲ
2336 1499 2573 1580 βαρεῖα
2617 1491 3032 1580 τραχυτάτην
3078 1496 3322 1579 ἔχουσα
3366 1491 3607 1580 φωνὴν
3664 1492 3770 1560 ἐπὶ
3821 1490 3902 1560 τὰ
3957 1490 4135 1559 κάτω
4190 1497 4415 1560 τείνει·
4471 1489 4513 1579 ἡ

689 1616 756 1664 10
795 1602 869 1668 δὲ
915 1601 1378 1688 περισπωμένη
1423 1607 1740 1668 πλατεῖαν
1786 1604 2030 1687 ἔχουσα
2074 1598 2314 1688 φωνὴν
2359 1599 2968 1686 περικεκλασμένως
3013 1600 3437 1685 ἐκφωνεῖται,
3482 1598 3821 1667 τουτέστιν
3859 1589 3991 1666 ὦδε
4035 1595 4299 1687 κᾴκεῖσε
4335 1622 4513 1687 περι-

791 1712 1100 1775 τείνεται·
1167 1704 1279 1774 διὰ
1332 1709 1533 1774 τοῦτο
1587 1706 1696 1773 καὶ
1751 1707 2217 1793 περισπωμένη
2276 1707 2532 1792 λέγεται
2587 1703 2699 1772 διὰ
2758 1702 2832 1773 τὸ
2889 1707 3378 1791 περισπᾶσθαι,
3442 1705 3783 1774 τουτέστιν
3835 1709 4329 1792 περιτείνεσθαι
4381 1696 4514 1774 ὦδε

790 1810 1072 1902 κᾴκεῖσε.
1162 1819 1485 1900 Εἴρηνται
1532 1810 1606 1880 δὲ
1652 1810 1841 1880 τόνοι
1897 1813 1968 1879 έκ
2021 1814 2400 1900 μεταφορᾶς
2453 1816 2591 1881 τῶν
2646 1814 2721 1880 ἐν
2772 1816 2852 1901 τῇ
2907 1810 3164 1904 κιθάρᾳ
3217 1812 3619 1899 τεινομένων
3675 1815 3964 1900 νευροῖν·
4021 1814 4091 1880 οἰ
4139 1810 4270 1899 γάρ
4324 1810 4514 1880 τόνοι

790 1917 1187 2008 ἀπηχήματα
1232 1922 1554 2006 μουσικῆς
1599 1921 1788 1987 εἰσιν.
1865 1914 1977 1986 Ἐν
2026 1916 2101 2001 δὲ
2145 1930 2285 1998 τοῖς
2329 1917 2660 2007 πνεύμασι
2697 1919 2932 2006 πάλιν,
2978 1920 3093 1987 ἵνα
3130 1918 3529 2005 δασύνωμεν
3566 1913 3610 2004 ἢ
3648 1918 4048 2006 ψιλώσωμεν
4082 1914 4208 2003 τὴν
4244 1917 4512 2005 φωνήν·

791 2028 866 2093 έν
912 2024 987 2093 δὲ
1032 2039 1171 2105 τοῖς
1217 2024 1541 2111 πάθεσιν,
1597 2029 1659 2092 εἰ
1712 2025 1834 2111 μέν
1888 2025 2071 2094 ἐστιν
2116 2023 2574 2112 ἀπόστροφος,
2632 2028 2746 2094 ἵνα
2790 2030 3219 2114 κουφίσωμεν
3264 2025 3603 2094 τουτέστιν
3646 2021 4041 2113 ὑπερβῶμεν
4096 2028 4398 2112 φωνῆεν·
4453 2028 4516 2092 εἰ

688 2148 754 2195 15
793 2133 873 2202 δέ
923 2133 1104 2201 ἐστιν
1160 2129 1367 2219 ὑφέν,
1431 2134 1546 2201 ἵνα
1602 2131 2009 2219 συνάψωμεν
2064 2133 2241 2214 λέξιν
2298 2129 2461 2218 μετὰ
2517 2132 2774 2215 λέξεως·
2823 2136 2886 2201 εἰ
2929 2134 3010 2201 δέ
3062 2134 3243 2202 έστιν
3297 2129 3782 2218 ὑποδιαστολῆ,
3836 2134 3951 2200 ἵνα
4006 2134 4511 2218 διαχωρίσωμεν

790 2240 968 2320 λέξιν
1005 2236 1137 2307 ἀπὸ
1186 2239 1434 2320 λέξεως.
1506 2239 1677 2327 Περὶ
1725 2236 1854 2325 γὰρ
1899 2243 2037 2307 τών
2083 2237 2381 2327 χρόνων,
2427 2240 2770 2307 τουτέστιν
2813 2241 2930 2324 τῆς
2975 2241 3228 2327 μακρᾶς
3272 2239 3382 2306 καὶ
3427 2241 3546 2324 τῆς
3592 2242 3934 2326 βραχείας,
3980 2235 4107 2306 οὐκ
4152 2241 4334 2307 ἔστιν
4379 2241 4510 2305 νῦν

794 2343 1006 2432 πολλὴ
1053 2350 1258 2433 χρεία.

1110 2465 1261 2535 «Ἐκ
1316 2468 1438 2555 μὲν
1492 2467 1622 2556 γὰρ
1676 2473 1795 2556 τῆς
1846 2466 2257 2555 ὑποκρίσεως
2309 2465 2434 2555 τὴν
2489 2466 2732 2556 ἀρετήν
2744 2494 2793 2536 >›.
2886 2467 2975 2537 ‘H
3018 2467 3148 2558 γὰρ
3202 2467 3553 2559 ὑπόκρισις
3611 2471 3934 2557 λεγομένη
4000 2467 4182 2537 πάνυ
4246 2466 4511 2558 ἀρέσκει

789 2587 929 2654 τοῖς
976 2571 1357 2662 ἀκροαταῖς·
1405 2573 1572 2643 ἀλλὰ
1618 2575 1730 2643 καὶ
1776 2572 1819 2663 ἡ
1864 2579 2212 2667 προσῳδιά
2258 2577 2556 2664 ἐκφαίνει
2603 2574 2727 2663 τῆν
2772 2577 3013 2664 τέχνην
3059 2577 3170 2644 καὶ
3215 2574 3334 2645 τὸν
3379 2574 3823 2663 ἀναγνώστην
3867 2573 4265 2663 λαμπρύνει·
4311 2576 4420 2643 καὶ
4466 2573 4508 2662 ἡ

683 2699 753 2747 20
791 2679 1107 2768 διαστολὴ
1145 2678 1266 2750 τὸν
1301 2682 1775 2771 περιεχόμενον
1812 2686 1984 2751 νοῦν
2019 2681 2339 2751 κάλλιστα
2376 2684 2693 2769 ἐκφαίνει.
2768 2680 2953 2750 «Ἵνα
2980 2681 3104 2770 τῆν
3134 2682 3257 2769 μὲν
3292 2686 3674 2776 τραγῳδίαν
3711 2678 4014 2771 ἡρωῖκῶς
4051 2678 4508 2769 άναγνώμεν).

798 2791 1151 2880 Τραγῳδία
1205 2787 1328 2874 μὲν
1385 2780 1512 2856 οὖν
1565 2788 1731 2856 κατὰ
1772 2786 2068 2877 Ὅμηρον
2123 2788 2383 2876 ἕπαρμά
2442 2791 2578 2857 ἐστι
2635 2793 2890 2876 φωνῆς·
2954 2786 3079 2876 τὴν
3143 2788 3273 2877 γὰρ
3335 2793 3453 2876 τῆς
3508 2787 3712 2858 Ἰλίου
3775 2792 4026 2869 πόλεως
4088 2785 4343 2857 ἅλωσιν
4398 2789 4508 2857 καὶ

791 2890 1149 2982 συμφορὰν
1205 2896 1279 2962 ἐν
1331 2890 1556 2983 ὑψηλῇ
1613 2899 1807 2985 φωνῇ
1862 2894 2325 2987 ἐτραγώδησεν
2377 2893 2606 2963 τοιάδε
2660 2895 2901 2981 λέγων·
2967 2892 3265 2983 ἄνδρας
3318 2893 3459 2981 μὲν
3513 2900 3948 2981 κτείνουσι,
4004 2893 4238 2962 πόλιν
4294 2897 4384 2964 δέ
4429 2922 4509 2965 τε

787 3003 940 3089 πῦρ
986 2996 1418 3088 ἀμαθύνει,
1472 3001 1720 3069 Τέκνα
1766 3003 1855 3070 δέ
1894 2999 1953 3068 τ’
2003 3000 2233 3070 ἄλλοι
2280 2999 2566 3089 ἄγουσι
2612 3000 3129 3086 βαθυζώνους
3180 3027 3258 3070 τε
3313 3015 3699 3088 γυναῖκας
3754 3002 3819 3090 (Ι
3864 3003 3995 3070 593
4017 3003 4157 3089 sq.).
4252 3009 4385 3070 Δεῖ
4433 3001 4509 3071 δὲ

787 3103 963 3193 ἡμᾶς
1009 3103 1173 3176 ὅταν
1218 3104 1783 3195 ἀναγινώσκωμεν
1828 3105 2206 3200 τραγῳδικά
2254 3107 2631 3194 διηγήματα
2677 3108 2751 3175 έν
2796 3105 3022 3197 ὑψηλῇ
3077 3113 3274 3197 φωνῇ
3332 3107 3560 3190 καθώς
3615 3112 3687 3177 οἱ
3736 3105 3949 3197 ἥρωες
4001 3106 4507 3195 ἀναγινώσκειν.

684 3232 750 3280 25
796 3213 1015 3280 Φασὶν
1062 3211 1185 3300 μὲν
1230 3209 1389 3292 τοὺς
1432 3209 1656 3299 ῆρωας
1701 3215 1774 3281 οῖ
1797 3210 2116 3300 ’Έλληνες
2161 3210 2485 3301 ἡμιθέους
2531 3210 2754 3282 εἶναι·“
2777 3211 2966 3300 ἡμεῖς
3012 3212 3087 3282 δὲ
3130 3211 3540 3302 ἀνθρώπους
3583 3216 3728 3302 μέν,
3776 3211 4107 3294 δυνατοὺς
4154 3215 4244 3282 δέ.
4319 3239 4350 3279 ‹
4368 3214 4508 3302 Τὴν

768 3317 863 3386 ιδὲ
927 3321 1287 3410 κωμῳδίαν
1330 3321 1735 3407 ςβιωτικώς».
1854 3323 2239 3413 Κωμῳδίαν
2305 3318 2381 3387 δὲ
2448 3322 2519 3387 οἰ
2577 3317 2845 3407 ἀρχαῖοι
2912 3318 3130 3406 ψόγον
3193 3321 3303 3388 καὶ
3367 3326 3741 3410 περίσυρμα
3804 3325 4033 3407 ἔλεγον
4098 3318 4301 3390 εἶναι·
4377 3319 4505 3407 ἐγὼ

790 3424 865 3493 δὲ
910 3426 1113 3511 λέγω,
1160 3421 1263 3492 ὅτι
1308 3424 1420 3491 καὶ
1468 3424 1572 3492 ἐπὶ
1620 3426 1839 3512 ψόγου
1883 3426 1993 3493 καὶ
2041 3427 2147 3495 ἐπὶ
2194 3429 2474 3496 ἐπαίνου
2520 3425 2943 3514 λαμβάνεται.
3035 3432 3457 3509 «Βιωτικῶς»
3512 3426 3643 3516 γὰρ
3691 3427 3880 3517 εἶπεν,
3915 3424 3951 3495 ὁ
3999 3426 4304 3515 ποιητής,
4358 3454 4507 3496 του-

786 3535 1007 3600 τέστιν
1061 3529 1226 3598 κατὰ
1281 3529 1401 3599 τὸν
1456 3531 1740 3600 ἑκάστου
1793 3536 1974 3618 βίον·
2040 3537 2179 3601 ἔστι
2232 3531 2362 3621 γὰρ
2417 3538 2564 3620 βίος
2618 3535 2874 3612 δίκαιος
2926 3533 3039 3600 καὶ
3092 3539 3240 3621 βίος
3293 3532 3560 3620 ἄδικος,
3626 3526 3774 3603 οἷον
3829 3531 3866 3602 ὁ
3923 3539 4069 3620 βίος
4121 3539 4245 3602 τοῦ
4306 3531 4508 3620 ἁγίου

788 3639 1055 3724 Πέτρου
1097 3636 1329 3723 καλός,
1378 3634 1415 3704 ὁ
1464 3637 1540 3706 δὲ
1584 3642 1707 3707 τοῦ
1747 3635 2122 3708 Ἰουλιανοῦ
2166 3639 2384 3720 κακός.
2450 3636 2650 3707 Ὅταν
2696 3631 2825 3707 οὖν
2871 3637 3151 3707 ἑκάστου
3195 3642 3655 3726 μνημονεῦσαι
3698 3639 4036 3724 θέλωμεν,
4085 3638 4189 3706 ἐπὶ
4225 3636 4348 3724 μὲν
4384 3642 4506 3707 τοῦ

681 3765 751 3814 30
790 3742 1169 3814 ἀποστόλου
1214 3758 1496 3832 πραεῖαν
1540 3745 1652 3813 καὶ
1699 3742 1942 3833 ἱλαρὰν
1989 3742 2229 3833 φωνὴν
2274 3744 2559 3834 ἀφίεμεν
2596 3746 2981 3834 πρέπουσαν
3026 3748 3118 3839 τῷ
3166 3749 3291 3837 βίῳ
3339 3742 3582 3831 αὐτοῦ,
3639 3738 3788 3812 οἷον
3836 3740 3872 3812 ὁ
3919 3746 4507 3832 μακαριώτατος

788 3848 1227 3932 ἀπόστολος
1281 3855 2001 3940 τῶν-προσκαίρων
2067 3850 2394 3938 ἀγαθῶν
2458 3852 3069 3940 καταφρονήσας
3132 3849 3638 3938 ἠκολούθησε
3702 3854 3802 3944 τῷ
3849 3855 4187 3945 Χριστῷ·
4260 3851 4366 3920 ἐπὶ
4432 3851 4508 3920 δὲ

786 3961 909 4027 τοῦ
952 3955 1328 4027 Ἰουλιανοῦ
1374 3973 1686 4047 τραχεῖαν
1731 3957 1842 4025 καὶ
1888 3957 2298 4046 κατάπικρον
2344 3955 2583 4046 φωνὴν
2622 3954 2904 4046 ἀφίεμεν
2940 3959 3326 4048 πρέπουσαν
3362 3961 3453 4050 τῷ
3492 3962 3617 4049 βίῳ
3657 3954 3899 4043 αὐτοῦ,
3947 3950 4097 4026 οἷον
4135 3954 4171 4025 ὁ
4212 3955 4507 4027 ἀθλιώ-

785 4091 1014 4145 τατος
1054 4063 1490 4146 Ἰουλιανὸς
1537 4063 1668 4133 διὰ
1714 4065 2207 4155 πρόσκαιρον
2254 4063 2701 4135 ἀπόλαυσιν
2747 4061 3042 4153 ἀπέστη
3090 4063 3237 4134 ἀπὸ
3284 4068 3423 4133 τοῦ
3471 4067 3834 4151 Χριστοῦ.

1107 4331 1337 4388 mscn„
1378 4332 1526 4388 scu.
1565 4332 1645 4387 m
1683 4332 1854 4388 Lan
1926 4335 1957 4387 1
2001 4330 2131 4404 ἔξω]
2154 4322 2392 4400 ἔξωθε,
2429 4331 2486 4387 R
2529 4334 2549 4403 ιι
2588 4330 2625 4387 2
2662 4327 2766 4402 τὴν
2803 4328 2900 4388 σιὰ
2942 4362 3006 4372 -
3045 4328 3208 4401 τέγος
3246 4326 3604 4402 ἐνδιάθετος]
3644 4328 3795 4401 ιέγει
3831 4325 3930 4386 τὸν
3967 4326 4066 4385 διὰ
4105 4330 4300 4399 φωνῆς
4339 4325 4508 4399 ἐκφε-

786 4416 1046 4491 ρόμενον.
1119 4421 1219 4475 καὶ
1257 4419 1405 4477 ἔστιν
1442 4413 1608 4484 οὗτος
1643 4418 1807 4491 λόγος
1844 4416 2207 4491 προφορικός.
2282 4416 2314 4476 ὁ
2352 4419 2418 4476 δὲ
2459 4416 2795 4484 ἐνδιάθετος
2839 4416 3006 4491 λόγος
3043 4419 3099 4476 Β
3147 4422 3155 4488 Ι
3207 4418 3348 4491 ἔστι]
3388 4414 3482 4475 ἐπὶ
3511 4419 3563 4474 L
3606 4421 3628 4489 11
3671 4419 3709 4474 6
3744 4415 3878 4490 γὰρ]
3916 4418 4043 4489 lege
4073 4419 4138 4474 δέ
4183 4420 4205 4488 fl
4249 4418 4288 4473 4
4324 4412 4505 4482 οὑτως

787 4525 894 4564 om.
933 4509 990 4565 Β
1023 4512 1045 4579 Β
1078 4508 1116 4564 5
1151 4517 1355 4580 Αναγν.
1396 4540 1463 4551 -
1501 4506 1826 4582 διαστολήν]
1864 4509 1995 4579 περὶ
2030 4505 2380 4579 ἀποκρίσεως
2416 4509 2516 4564 καὶ
2549 4504 2913 4579 πιθανήσεως
2947 4509 3117 4564 rubro
3153 4507 3210 4563 Β
3240 4511 3249 4577 Ι
3279 4507 3379 4563 καὶ
3415 4505 3561 4563 κατὰ
3598 4510 3776 4563 διαστ.
3814 4506 3877 4562 Η
3926 4508 3935 4574 Ι
3983 4507 4023 4562 6
4052 4501 4361 4576 ’.ἀπόκρισις
4396 4507 4453 4561 Β
4487 4506 4511 4578 11

788 4599 819 4654 7
860 4605 1042 4655 κεῖται
1071 4598 1142 4655 H
1165 4602 1172 4668 Ι
1206 4598 1474 4671 συλλαβαὶ
1502 4599 1558 4655 Β
1582 4603 1603 4671 11
1631 4600 1666 4654 8
1693 4596 1823 4672 τὴν]
1860 4600 1961 4654 τοῦ
1998 4597 2055 4653 Β
2087 4604 2094 4665 1
2126 4602 2275 4654 λεπτ.
2308 4596 2514 4669 ἔχουσα
2543 4629 2608 4639 -
2647 4598 2841 4670 τείνει]
2879 4603 2924 4655 λ.
2964 4595 3082 4668 ἔχει
3110 4628 3172 4639 -
3212 4598 3477 4652 τείνουσα
3502 4596 3559 4652 Β
3584 4597 3605 4665 fl
3630 4597 3668 4651 9
3704 4595 4050 4666 τραχυτέραν
4087 4595 4213 4651 ΗΒ
4253 4597 4262 4663 Ι
4303 4591 4398 4651 έπὶ
4439 4628 4504 4636 -

782 4688 981 4760 τείνει]
1018 4684 1164 4743 κατὰ
1200 4684 1266 4743 τὸ
1304 4684 1485 4760 ὄνομα
1522 4688 1619 4744 καὶ
1653 4684 1755 4743 τὸν
1783 4684 2049 4758 φθόγγον
2085 4681 2356 4743 ἀποτελεῖ
2374 4686 2431 4742 Β
2456 4689 2477 4756 fl
2504 4686 2580 4743 10
2613 4685 2968 4757 πλατυτέραν
2996 4687 3056 4741 Η
3087 4689 3097 4755 Ι
3128 4689 3285 4742 πλατ.
3326 4684 3406 4756 ἔχ.
3444 4682 3644 4755 φωνὴν
3680 4701 3790 4741 om.
3818 4682 3874 4739 Β
3904 4687 3914 4754 Ι
3944 4685 4370 4754 περιτείνεσθαι
4396 4685 4453 4739 Β
4489 4688 4508 4759 11

786 4777 860 4833 12
898 4775 1055 4834 τόνοι
1092 4793 1200 4833 om.
1231 4775 1302 4831 H
1319 4777 1339 4845 11
1367 4774 1440 4831 15
1469 4774 1527 4832 εἰ
1559 4776 1624 4832 δέ
1656 4771 1807 4832 ἔστιν
1844 4772 2008 4831 ὑποδ.
2039 4804 2106 4816 -·
2136 4772 2338 4842 λέξεως
2365 4792 2474 4832 om.
2498 4775 2628 4830 LH
2646 4778 2667 4845 Ι
2694 4774 2769 4830 16
2793 4771 2927 4847 γὰρ]
2957 4771 3022 4831 δὲ
3043 4774 3170 4831 ΗΒ
3207 4772 3271 4829 δὲ
3299 4771 3410 4844 γὰρ
3436 4774 3490 4828 L
3513 4775 3535 4843 fl
3562 4772 3636 4829 18
3663 4776 3793 4843 pont
3818 4768 4031 4843 ἀρετὴν
4057 4772 4187 4829 add.
4218 4768 4282 4828 ἐκ
4310 4774 4376 4828 δὲ
4405 4773 4509 4842 τῆς

784 4870 1100 4938 προσῳδίας
1126 4862 1230 4936 τὴν
1258 4865 1479 4935 τέχνην,
1510 4861 1573 4921 ἐκ
1602 4864 1666 4922 δὲ
1696 4865 1795 4934 τῆς
1822 4860 2232 4934 ὑποδιαστολῆς
2260 4863 2360 4920 τὸν
2387 4860 2795 4935 περιεχόμενον
2819 4863 2963 4919 νοῦν
2989 4859 3212 4934 ὁρῶμεν
3231 4864 3298 4918 Η
3317 4865 3338 4933 Ι
3366 4862 3441 4918 19
3466 4859 3804 4933 ἐμφαίνειΒ
3829 4864 3851 4931 Ι
3876 4862 3953 4917 2⁰
3988 4857 4368 4930 ὑποδιαστολὴ
4397 4861 4468 4916 Η
4487 4862 4510 4933 11

785 4955 861 5010 22
895 4951 1089 5012 τοιάδε
1127 4973 1234 5012 om.
1262 4955 1319 5011 Β
1345 4958 1365 5027 11
1390 4953 1466 5011 26
1503 4950 1826 5025 ἀμαλθύνει
1855 4954 1977 5009 LH
2012 4949 2366 5024 άμαλλθύνει
2391 4952 2451 5009 Β
2474 4956 2496 5024 11
2520 4953 2598 5009 24
2632 4948 2991 5024 τραγωδιακά
3020 4952 3077 5006 Β
3106 4955 3118 5024 1
3147 4947 3598 5021 ἀναγινώσκουσι
3637 4949 3693 5006 Β
3718 4952 3739 5021 fl
3764 4950 3840 5007 25
3877 4947 4182 5022 δυνατοὺς]
4220 4945 4424 5012 δοτοὺς
4448 4949 4511 5005 Β

791 5042 799 5113 1
840 5040 945 5114 τὴν
983 5075 1049 5085 -
1091 5045 1381 5118 βιωτικῶς]
1422 5044 1552 5114 περὶ
1597 5045 1657 5099 τί
1689 5039 1808 5098 ἐστι
1844 5043 2097 5114 κωμοδία
2135 5042 2191 5099 Β
2214 5044 2235 5112 Ι
2261 5043 2339 5099 86
2381 5043 2684 5116 κωμῳδίαν
2733 5042 3003 5116 βιωτικῶς
3049 5058 3157 5097 om.
3197 5040 3249 5095 L
3284 5042 3303 5111 11
3342 5040 3413 5097 27
3463 5040 3561 5096 καὶ
3607 5036 3702 5096 ἐπὶ
3748 5036 3987 5095 ἐπαίνου
4032 5039 4131 5094 καὶ
4178 5033 4272 5094 ἐπὶ
4316 5034 4508 5108 ψόγου

782 5135 1104 5204 παραλαμβ.
1134 5134 1201 5188 Η
1225 5137 1234 5203 1
1265 5130 1499 5205 ποιητής
1533 5134 1662 5205 lege
1696 5127 1950 5203 τεχνικός
1975 5135 1995 5203 11
2021 5132 2099 5189 86
2133 5133 2463 5201 πρέπουσαν
2492 5161 2559 5172 -
2589 5127 2768 5187 αὑτοῦ
2804 5148 2912 5187 om.
2941 5130 2998 5186 Β
3028 5131 3039 5199 1
3069 5127 3216 5203 οἷον]
3254 5125 3433 5201 ἤγουν
3461 5130 3530 5185 Η
3547 5131 3568 5199 11
3592 5128 3665 5185 81
3696 5131 3824 5201 post
3850 5122 4046 5184 ἀπόστ.
4076 5127 4423 5197 οᾱὼΠέτρος
4449 5126 4509 5182 Β
