4809 5959
1952 483 2385 549 ..37-

308 653 596 743 φορικὸν
642 656 715 726 δὲ
761 661 1018 744 λέγεται
1064 656 1242 746 παρὰ
1290 656 1364 726 τὸ
1412 656 1778 748 ἀναφέρειν
1823 653 1986 746 ἡμῖν
2031 661 2287 744 γνῶσιν
2341 662 2464 726 τοῦ
2524 659 2959 746 ζητουμένου,
3015 653 3165 728 οἷον
3221 664 3387 729 ἔστω
3446 659 3882 750 ζητούμενον,
3937 669 4036 745 τίς

309 757 346 829 6
395 759 584 849 ἅγιος
629 764 919 851 Πέτρος,
965 763 1408 852 μανθάνομεν
1455 762 1557 832 ὅτι
1606 761 1642 832 6
1689 761 2088 845 άπόστολος·
2145 766 2519 853 ἐρωτῶντες
2573 764 2651 833 δὲ
2703 763 2996 847 ποταπὸς
3044 757 3154 853 ἦν,
3208 766 3646 854 μανθάνομεν
3693 767 3871 857 παρὰ
3916 774 4038 839 τοῦ

310 870 744 957 ἐρωτωμένου
791 868 895 940 ὅτι
940 871 1309 959 δασύθριξ,
1368 870 1756 952 δεικνύντος
1805 869 2018 940 αὐτοῦ
2064 868 2226 959 ἡμῖν
2271 870 2384 939 καὶ
2432 869 2670 959 ὅμοιον
2717 871 3098 961 δασύτριχα.
3191 873 3729 963 «Περιληπτικὸν
3779 877 3859 944 δέ
3899 878 4037 946 ἐστι

305 972 383 1043 τὸ
438 981 531 1069 τῷ
588 977 786 1070 ἑνικῷ
843 975 1115 1070 ἀριθμῷ
1168 982 1433 1066 πλῆθος
1487 991 1851 1066 σημαῖνον,
1907 970 2057 1047 οἷον
2113 982 2389 1066 δῆμος,
2445 979 2706 1069 χορός,
2763 977 3060 1068 ὄχλοςι·
3126 984 3335 1048 ταῦτα
3377 978 3508 1068 γὰρ
3554 986 3813 1068 πλῆθος
3855 1006 4034 1070 περι-

304 1081 750 1169 λαμβάνουσι·
798 1083 911 1151 διὰ
957 1087 1157 1153 τοῦτο
1201 1081 1634 1174 περιληπτικά
1680 1086 2005 1171 λέγονται.
2087 1083 2703 1174 «Ἐπιμεριζόμενον
2751 1087 2831 1154 δέ
2872 1087 3009 1154 ἐστι
3054 1084 3131 1155 τὸ
3179 1088 3251 1154 ἐκ
3297 1084 3424 1155 δύο
3473 1083 3516 1173 ἢ
3553 1088 3665 1155 καὶ
3700 1087 4036 1173 πλειόνων
4072 1110 4105 1160 5

306 1189 412 1257 ἐπὶ
458 1192 534 1257 ἓν
571 1194 726 1278 ἔχον
763 1189 885 1277 τὴν
931 1188 1323 1279 ἀναφοράν,
1371 1184 1522 1259 οἷον
1568 1191 1966 1280 ἑκάτερος,
2013 1192 2411 1272 §zuatop-
2469 1194 2541 1260 ἐκ
2585 1190 2709 1279 μὲν
2755 1191 2884 1261 δύο
2931 1191 3300 1281 ἑκάτερος
3345 1190 3537 1281 ἡμῶν
3584 1196 3659 1262 ἐν
3705 1195 3807 1264 ἑνὶ
3853 1195 4034 1290 τόπφ

306 1294 543 1382 στήτω,
589 1291 634 1382 ἢ
682 1296 1048 1384 ἑκάτερος
1092 1295 1286 1385 ἡμῶν
1330 1299 1633 1380 ψαλλέτω
1678 1293 1722 1384 ἢ
1769 1294 2311 1386 ἀναγινωσκέτω·
2365 1297 2580 1379 οὕτως
2623 1298 2735 1366 καὶ
2783 1299 2888 1367 ἐπὶ
2933 1303 3412 1386 πληθυντικῶν
3465 1299 3624 1369 νόει.
3718 1308 4035 1392 «Περιεκ-

303 1399 491 1470 τικὸν
540 1402 622 1470 δέ
671 1405 807 1472 ἐστι
862 1403 938 1472 τὸ
996 1405 1330 1492 ἐμφαῖνον
1385 1406 1458 1474 ἐν
1514 1405 1727 1497 ἑαυτῷ
1782 1430 1847 1474 τι
1901 1405 2408 1494 περιεχόμενον,
2473 1398 2623 1474 οἷον
2688 1404 3050 1493 δαφνῶν,
3112 1405 3572 1496 παρθενών,
3637 1404 4036 1497 άμπελῶν,

307 1507 625 1595 ἐλαιῶν,
691 1509 1160 1596 φοινικῶνι·
1226 1508 1264 1580 6
1320 1509 1451 1600 γὰρ
1517 1509 1847 1600 δαφνῶν
1899 1512 2184 1600 περιέχει
2239 1510 2535 1599 δάφνας,
2599 1510 2712 1579 καὶ
2768 1507 2806 1579 6
2861 1510 3288 1599 παρθενών
3350 1513 3765 1602 παρθένους,
3826 1515 3940 1583 καὶ
3995 1512 4033 1585 6

305 1611 672 1701 άμπελῶν
737 1618 1109 1705 ἀμπέλους,
1172 1618 1285 1686 καὶ
1350 1612 1388 1688 6
1474 1617 1763 1688 ἐλαιῶν
1835 1621 2088 1707 ἐλαίας,
2169 1619 2281 1687 καὶ
2366 1615 2403 1687 6
2478 1615 2879 1705 φοινικῶν
2944 1623 3270 1705 φοίνικας.
3369 1622 3883 1707 «Πεποιημένον
3960 1621 4041 1691 δέ
4077 1642 4142 1693 10

305 1723 443 1790 ἐστι
478 1719 555 1790 τὸ
592 1721 770 1812 παρὰ
807 1723 927 1805 τὰς
960 1727 1098 1793 τῶν
1134 1722 1318 1812 ἤχων
1357 1723 1693 1812 ἰδιότητας
1730 1730 2095 1814 μιμητικῶς
2128 1725 2508 1814 εἰρημένον,
2538 1717 2687 1793 οἷον
2725 1729 3138 1812 φλοῖσβος,
3185 1726 3477 1813 ῥοῖζος,
3518 1724 4035 1815 όρυγμαδός»·

306 1828 691 1916 φλοισβός
744 1831 927 1899 ἐστιν
983 1826 1020 1898 6
1077 1834 1201 1899 τοῦ
1258 1834 1472 1918 βηλοῦ
1526 1836 1644 1921 τῆς
1696 1831 1865 1913 νεὼς
1908 1829 2042 1902 ὑπὸ
2089 1828 2345 1918 άνέμου
2389 1829 2746 1918 γινόμενος
2798 1823 2983 1919 ἦχος·
3039 1832 3303 1919 ῥοῖζος
3357 1830 3434 1900 δὲ
3486 1830 3734 1913 ῦδατος
3788 1832 4036 1916 κτύπος

302 1931 435 2003 ὑπὸ
484 1934 651 2016 νεῶς
693 1938 1139 2024 τεμνομένου,
1194 1934 1362 2006 άλλὰ
1416 1938 1528 2006 καὶ
1582 1937 1834 2020 παντὸς
1888 1938 2133 2020 ὕδατος
2188 1940 2294 2009 ἐπὶ
2346 1936 2422 2008 τὸ
2478 1938 2725 2027 πρανὲς
2778 1939 3159 2028 φερομένου
3202 1938 3314 2007 καὶ
3358 1943 3773 2021 κτυποῦντος
3817 1941 4036 2028 ῥοῖζος

301 2042 586 2129 λέγεται·
648 2040 1102 2131 ὀρυγμαδὸς
1158 2046 1233 2112 δέ
1278 2046 1415 2113 ἐστι
1461 2042 1590 2132 βοὴ
1639 2043 1846 2133 ὄχλου
1890 2048 2163 2114 πολλοῦ.
2255 2042 2583 2115 «Γενικὸν
2630 2047 2710 2114 δέ
2753 2047 2889 2114 ἐστι
2933 2043 3009 2113 τὸ
3062 2044 3444 2133 δυνάμενον
3490 2049 3585 2127 είς
3628 2044 3841 2115 πολλὰ
3888 2053 4033 2134 εἴδη

303 2151 762 2237 διαιρεθῆναι,
812 2143 962 2219 οἷον
1011 2153 1238 2235 ζῶον,
1285 2150 1606 2237 φυτόν»·
1651 2151 1727 2221 τὸ
1775 2149 1904 2241 γὰρ
1953 2156 2148 2234 ζῶον
2193 2150 2429 2222 κοινὸν
2478 2150 2694 2240 ὄνομά
2733 2153 2871 2221 ἐστι
2908 2149 3181 2220 πάντων
3217 2155 3354 2222 τῶν
3392 2157 3560 2240 ζωῆς
3595 2152 4033 2242 μετεχόντων·
4072 2172 4139 2222 15

304 2258 656 2344 διαιρεῖται
704 2256 777 2325 δὲ
824 2261 919 2337 εἰς
963 2255 1363 2344 ἄνθρωπον,
1419 2262 1627 2345 βοῦν,
1671 2257 1875 2344 κύνα,
1921 2260 2158 2344 ἵππον,
2202 2257 2494 2328 κῶνωπα
2538 2257 2649 2326 καὶ
2694 2254 2775 2325 τὰ
2821 2260 3125 2326 τοιαῦτα·
3186 2255 3433 2344 ὁμοίως
3485 2257 3597 2326 καὶ
3651 2256 3726 2327 τὸ
3782 2257 4035 2347 φυτὸν

299 2360 539 2430 κοινὸν
577 2360 794 2449 ὄνομά
831 2364 970 2431 ἐστι
1005 2363 1277 2432 πάντων
1313 2367 1450 2433 τῶν
1486 2368 1744 2451 φυτῶν·
1792 2368 2146 2452 διαιρεῖται
2183 2363 2259 2432 δὲ
2295 2368 2390 2445 εἰς
2425 2362 2747 2450 ἄμπελον,
2795 2365 3048 2450 ἐλαίαν,
3092 2364 3510 2448 κυπάρισσον
3546 2366 3659 2432 καὶ
3695 2365 3775 2433 τὰ
3817 2363 4032 2454 ὅμοια.

624 2467 907 2538 «Ἰδικὸν
954 2472 1034 2539 δέ
1076 2472 1214 2540 ἐστι
1261 2469 1338 2539 τὸ
1387 2474 1458 2540 ἐκ
1502 2476 1626 2541 τοῦ
1670 2472 1909 2559 γένους
1956 2473 2333 2563 διαιρεθέν,
2380 2464 2532 2539 οἷον
2577 2472 2805 2557 βοῦς,
2859 2472 3123 2556 ἵππος,
3179 2468 3552 2558 ἄμπελος,
3610 2474 3900 2541 ἐλαίαν
3953 2471 4032 2540 τὸ

304 2573 428 2661 μὲν
473 2579 666 2661 βοῦς
721 2575 833 2644 καὶ
888 2579 1125 2658 ἵππος
1170 2578 1242 2645 ἐκ
1286 2582 1407 2647 τοῦ
1455 2578 1629 2660 ζῶου
1672 2583 1794 2647 τοῦ
1840 2582 2078 2649 κοινοῦ
2135 2576 2465 2664 ὀνόματος
2516 2573 2676 2644 καθ’
2727 2572 2929 2644 ἑαυτὰ
2986 2580 3433 2664 διαιροῦνται·
3489 2575 3738 2665 ὁμοίως
3790 2579 3901 2646 καὶ
3955 2578 4031 2647 τὸ

303 2678 682 2768 ἄμπελος,
729 2684 959 2751 ἐλαία
989 2684 1061 2751 ἐκ
1086 2686 1211 2751 τοῦ
1248 2689 1469 2779 φυτοῦ
1512 2689 1636 2754 τοῦ
1662 2689 2078 2773 περιεκτικοῦ
2105 2683 2258 2774 (sic)
2304 2681 2648 2770 ὀνόματος.
2706 2682 3083 2751 «Τακτικὸν
3130 2684 3211 2751 δέ
3241 2684 3378 2751 ἐστι
3413 2681 3489 2751 τὸ
3528 2683 3716 2766 τάξιν
3753 2689 4033 2773 δηλοῦν,
4071 2704 4140 2755 20

306 2781 456 2856 οἷον
502 2792 843 2875 πρῶτος,
893 2788 1296 2878 δεύτερος,
1341 2794 1672 2878 τρίτοςι·
1729 2783 1879 2859 οἷον
1916 2795 2176 2878 πρῶτος
2212 2787 2249 2858 6
2287 2786 2798 2877 άρχεπίσκοπος,
2844 2784 2985 2856 εἶτα
3021 2790 3406 2871 ἐπίσκοπος,
3443 2790 3888 2880 πρεσβύτερος
3922 2792 4034 2860 καὶ

300 2895 380 2962 τὰ
432 2892 649 2982 ὅμοια.
742 2892 1256 2982 «Ἀριθμητικὸν
1302 2897 1385 2964 δέ
1425 2898 1564 2967 ἐστι
1607 2894 1682 2965 τὸ
1730 2893 2032 2985 ἀριθμὸν
2078 2907 2442 2983 σημαῖνον,
2501 2888 2649 2979 οἷρν
2706 2888 2847 2981 εἷς,
2905 2894 3080 2982 δύο,
3134 2909 3363 2986 τρεῖς.
3453 2899 4033 2968 Μετουσιαστικὸν

304 3001 386 3069 δέ
445 3003 580 3070 ἐστι
634 2999 711 3070 τὸ
769 3003 1044 3090 μετέχον
1110 3002 1346 3085 οὐσίας
1409 3004 1622 3091 τινός,
1691 2998 1841 3074 οἷον
1904 3002 2271 3090 πύρινος,
2336 3000 2699 3089 δρύενος,
2766 2999 3213 3089 ἐλάφινος»·
3276 3001 3560 3092 πύρινος
3622 3003 3745 3090 μὲν
3811 2997 3937 3074 οὖν
3993 3001 4031 3074 6

301 3110 591 3196 μετέχων
638 3108 880 3196 πυρός,
938 3108 1216 3196 δρύϊνος
1271 3107 1308 3178 6
1364 3112 1655 3199 μετέχων
1709 3108 1946 3199 δρυός,
2002 3109 2114 3178 καὶ
2167 3108 2486 3198 ἐλάφινος
2542 3105 2579 3176 6
2636 3102 2927 3195 μετέχων
2983 3106 3256 3196 ἐλάφου.
3349 3106 3911 3198 «Ἀπολελυμένον
3956 3114 4037 3181 δέ

302 3217 483 3283 ἐστιν
531 3212 568 3283 ὃ
614 3213 774 3284 καθ’
828 3214 1025 3284 ἑαυτὸ
1072 3230 1356 3303 νοεῖται,
1405 3210 1554 3285 οἷον
1598 3216 1816 3305 θεός,
1862 3217 2165 3303 λόγος»·
2212 3214 2249 3284 6
2296 3213 2428 3304 γὰρ
2473 3213 2637 3296 θεὸς
2682 3212 2886 3295 αὐτὸς
2932 3212 3175 3284 ἑαυτὸν
3221 3216 3594 3302 ἐπίσταται,
3650 3213 3740 3297 ῶς
3786 3217 3870 3307 δὴ
3918 3218 4031 3287 καὶ
4068 3237 4136 3287 26

302 3318 339 3389 6
387 3320 587 3409 λόγος
631 3320 841 3390 αὐτοῦ
888 3321 1152 3410 ὁμοίως.
1238 3320 1419 3391 Ἰδοὺ
1462 3324 1574 3391 καὶ
1619 3321 1801 3410 παρὰ
1844 3335 1984 3404 τοῖς
2012 3319 2289 3410 ’Ἕλλησι
2334 3327 2673 3410 θεολογία.
2767 3325 2955 3390 «Τοῦ
3009 3320 3086 3391 δὲ
3142 3317 3472 3408 ὀνόματος
3517 3323 3857 3406 διαθέσεις
3901 3326 4032 3394 εἰσὶ

301 3427 461 3513 δύο,
501 3429 797 3515 ἐνέργεια
833 3429 944 3497 καὶ
981 3428 1228 3510 πάθος·
1276 3430 1571 3517 ἐνέργεια
1609 3429 1732 3517 μὲν
1770 3427 1861 3510 ὡς
1910 3429 2179 3519 κριτὴς
2229 3426 2266 3498 6
2316 3435 2595 3516 κρίνων,
2643 3426 2866 3509 πάθος
2915 3427 2990 3495 δὲ
3045 3425 3137 3508 ῶς
3182 3427 3449 3516 κριτὸς
3485 3425 3523 3498 6
3579 3430 4030 3518 κρινόμενος».

302 3576 411 3583 —-—

619 3641 849 3697 DISCR.
890 3642 1038 3698 SGR.
1076 3642 1157 3697 IN
1192 3641 1543 3698 MLHRKP
1581 3643 1613 3698 1
1656 3641 1794 3698 ἔστω
1832 3642 1972 3714 ζητ.]
2010 3643 2286 3713 ζητοῦμεν
2315 3642 2372 3696 P
2412 3644 2433 3711 Ι
2476 3642 2514 3697 8
2550 3637 2911 3705 δεικνύοντος
2947 3640 3084 3696 ΗΚ
3127 3641 3139 3712 Ι
3190 3636 3319 3698 adv.
3351 3673 3416 3683 —
3448 3638 3703 3716 δασύτρ.]
3742 3636 4027 3699 άνταυτοῦ

303 3728 497 3799 ἕτερον
533 3727 872 3801 δασύτριχον
908 3726 1073 3802 όμιον
1110 3727 1290 3788 αύτοῦ
1330 3732 1423 3802 ΡΙ
1454 3731 1553 3787 καὶ
1590 3729 1782 3800 ἕτερον
1818 3725 1906 3803 ὅμ.
1946 3732 2003 3786 Β
2033 3734 2044 3801 Ι
2074 3724 2272 3801 ὅμοιον
2308 3731 2456 3800 δασ.]
2497 3727 2691 3800 ἕτερον
2726 3732 2851 3786 δασ.
2890 3722 3092 3801 ὅμοιον
3127 3723 3308 3785 αύτοῦ
3351 3730 3607 3794 τοιοῦτος
3654 3731 3878 3801 λέγεται
3916 3731 3984 3786 Κ
4015 3730 4025 3803 Ι

302 3818 392 3890 δὲ]
432 3816 538 3890 μὲν
579 3821 637 3874 Ρ
657 3823 677 3890 Π
703 3818 742 3875 4
778 3817 902 3875 οἷον
938 3836 1049 3875 οιιι.
1078 3820 1147 3874 H
1164 3822 1186 3890 ΙΙ
1211 3820 1248 3875 5
1284 3820 1603 3891 περιλαμβ.]
1644 3819 1927 3891 σημένουν
1962 3818 2060 3874 καὶ
2095 3815 2637 3892 παραλαμβάνουσιν
2673 3813 2891 3889 ῦφενος
2927 3813 3232 3889 ὀνόματος,
3268 3818 3367 3873 καὶ
3395 3819 3484 3887 ΡΙ
3514 3822 3833 3890 παραλαμβ.
3862 3820 3993 3875 LH
4015 3815 4026 3888 Ι

301 3906 585 3978 λέγονται,
625 3910 830 3978 καίπερ
869 3904 1036 3981 ἑνικῷ
1075 3912 1383 3980 χαρακτῆρι
1418 3907 1723 3965 τάσσονται
1759 3909 1824 3963 K
1842 3911 1864 3979 ΙΙ
1890 3909 1928 3964 6
1965 3907 2222 3978 ἕκαστος]
2263 3905 2493 3971 ἔκδοτος
2533 3909 2590 3963 Ρ
2620 3909 2640 3977 ΙΙ
2680 3909 2708 3964 2
2751 3905 2930 3978 στήτω
2969 3902 3058 3964 §vl
3093 3902 3250 3980 τόπῳ
3287 3909 3356 3962 H
3380 3911 3388 3978 Ι
3419 3911 3551 3979 post
3586 3912 3861 3978 πληθυντ.
3898 3908 4026 3964 add.

301 3992 364 4051 τὸ
406 3995 639 4061 ἕκαστος
665 3997 731 4052 Κ
750 4000 772 4068 ΙΙ
799 3998 834 4052 8
872 3999 951 4070 τι]
988 3995 1052 4053 τό
1084 4000 1151 4053 H
1175 4004 1184 4065 Ι
1216 3994 1484 4069 άμπελῶν
1520 4015 1628 4055 οιιι.
1658 3998 1722 4053 H
1744 4001 1765 4069 ΙΙ
1792 3998 1869 4053 10
1907 3997 2002 4053 καὶ
2038 3992 2069 4052 6
2111 3992 2316 4052 ἐλαιων
2352 4028 2425 4037 -
2461 3999 2728 4067 φοίνικας
2762 4014 2870 4053 om.
2899 3997 2966 4052 K
2984 3999 3005 4067 ΙΙ
3034 3995 3104 4052 11
3144 4017 3299 4065 παρα
3329 4014 3436 4053 οιιι.
3465 3997 3537 4052 H
3560 3999 3568 4066 Ι
3600 3994 3786 4068 ῥοῖζος
3824 3992 4030 4071 βρόμος

301 4104 383 4155 ορ.
414 4086 484 4140 H
501 4089 522 4157 ΙΙ
550 4086 624 4141 12
659 4083 824 4158 νεως]
862 4084 1001 4156 νηὸς
1032 4089 1108 4142 Μ
1112 4088 1230 4145 LR
1240 4089 1309 4143 H
1310 4089 1367 4144 Ρ
1387 4087 1548 4158 (item
1578 4087 1670 4157 18)
1697 4090 1719 4158 ΙΙ
1746 4084 1820 4144 13
1855 4104 2204 4157 καταφερομ.
2233 4086 2329 4155 ΡΙ
2355 4086 2432 4142 14
2458 4084 2703 4158 λέγεται]
2734 4091 3015 4142 καλεῖται·
3054 4068 3263 4158 βρόμος
3290 4085 3355 4141 δὲ
3385 4083 3417 4140 6
3445 4086 3547 4141 τοῦ
3583 4081 3761 4155 πυρὸς
3798 4077 3932 4155 ἦχος
3950 4086 4031 4151 H,

301 4172 547 4244 λέγεται·
586 4176 863 4244 τροπικῶς
898 4176 996 4231 καὶ
1033 4171 1065 4232 6
1102 4174 1424 4249 καχλασμός
1458 4179 1556 4248 τῆς
1592 4176 1803 4248 φλογός
1839 4176 1964 4231 ΒΡ
2007 4175 2018 4243 Ι
2066 4179 2198 4231 ante
2235 4170 2431 4247 ὀρυγμ.
2469 4175 2598 4231 add.
2637 4172 2820 4243 ῥοῖζος
2863 4175 3089 4245 λέγεται
3134 4169 3456 4245 όρυγμαδὸς
3491 4174 3548 4229 Β
3597 4179 3605 4241 Ι
3656 4178 3787 4245 post
3819 4163 4027 4231 πολλοῦ

304 4263 430 4319 add.
471 4257 505 4333 ἦ
544 4260 714 4331 ξύλου
744 4265 821 4333 Η,
859 4264 1145 4321 τουτέστιν
1180 4263 1432 4337 θόρυβος
1466 4265 1521 4319 Ρ
1548 4270 1557 4333 Ι
1588 4263 1678 4335 δὲ]
1716 4263 1822 4337 μὲν
1862 4265 1920 4319 Ρ
1940 4266 1961 4335 ΙΙ
1989 4265 2063 4324 15
2099 4265 2298 4336 διαιρ.]
2338 4266 2627 4333 διερίσθαι
2666 4264 2759 4333 ΡΙ
2789 4259 3019 4319 πάντων
3054 4294 3126 4303 -
3161 4263 3371 4335 μετεχ.]
3407 4259 3621 4326 παντὸς
3656 4263 3859 4333 γένους
3895 4264 4027 4331 ζῶν-

299 4370 394 4415 τος
432 4351 557 4407 ΗΒ
594 4358 604 4421 Ι
646 4354 854 4425 petax]
894 4350 1140 4424 ἐχόντων
1176 4354 1242 4408 Κ
1271 4356 1292 4423 ΙΙ
1330 4355 1404 4410 16
1433 4351 1580 4410 κύνα
1616 4357 1677 4410 et
1711 4352 1956 4409 κώνωπα
1995 4370 2102 4409 οιιι.
2140 4354 2271 4409 KP
2309 4357 2330 4425 ΙΙ
2372 4353 2442 4408 17
2483 4348 2679 4408 κοινὸν
2717 4370 2825 4409 οιιι.
2855 4351 2982 4407 ΗΒ
3013 4356 3021 4420 Ι
3063 4347 3409 4422 κυπάρισσον
3446 4370 3556 4407 οιιι.
3592 4353 3660 4408 K
3687 4355 3708 4422 ΙΙ
3746 4353 3820 4408 18
3854 4351 3919 4408 τὸ
3956 4384 4027 4395 -

302 4440 625 4513 διαιρεθὲν]
664 4438 728 4496 τὸ
761 4440 1081 4513 δυνάμενον
1113 4438 1176 4498 ἐκ
1210 4444 1310 4498 τοῦ
1342 4438 1519 4498 αύτοῦ
1549 4440 1750 4514 γένους
1777 4443 2144 4512 διαιρεθῆναι
2171 4443 2241 4497 H
2258 4445 2280 4513 fl
2307 4441 2382 4497 19
2409 4445 2541 4513 posia
2568 4437 2743 4497 ἑαυτά
2774 4440 2902 4497 add.
2933 4439 3126 4504 ἐδικῶς
3151 4440 3228 4510 Κ,
3265 4441 3472 4503 δυϊκῶς
3504 4441 3602 4511 ΡΙΙ
3628 4441 3705 4497 20
3730 4442 3864 4512 post
3896 4436 4026 4497 όνό-

300 4548 474 4601 ματος
502 4530 628 4586 add.
657 4525 803 4586 καθ’
838 4526 1015 4587 ἑαυτά
1046 4529 1238 4594 ἰδικῶς
1267 4532 1621 4601 διαιροῦνται
1648 4532 1726 4602 Κ,
1764 4533 1823 4588 et
1846 4532 1966 4587 eine
1996 4529 2067 4586 ίδ.
2103 4530 2202 4601 ΡΙΙ
2227 4531 2301 4587 21
2341 4528 2465 4586 εἶτα
2494 4526 2701 4602 ἐπίστω]
2739 4531 2927 4600 τρίτον
2958 4530 3056 4600 ΡΙΙ
3081 4528 3158 4585 22
3194 4530 3493 4601 σημαῖνον]
3532 4531 3741 4599 δηλοῦν
3778 4529 3836 4583 Ρ
3857 4532 3867 4599 Ι
3898 4534 4029 4600 post

300 4626 449 4688 τρεῖς
486 4620 612 4675 add.
650 4620 709 4673 τί
739 4618 1004 4688 διαφέρει
1041 4615 1104 4674 τὸ
1144 4613 1527 4690 άριθμητικὸν
1562 4620 1662 4675 τοῦ
1701 4620 1995 4688 τακτικοῦς
2041 4614 2129 4674 ὅτι
2174 4614 2237 4673 τό
2287 4618 2393 4689 μὲν
2437 4614 2599 4686 τάξιν
2646 4614 3073 4688 ἐπαγγέλλεται,
3123 4618 3253 4687 περὶ
3297 4613 3549 4690 άριθμοῦ
3598 4614 3813 4675 ούδὲνα
3858 4613 4025 4688 λόγον

298 4713 573 4778 ποιεῖται,
617 4704 683 4763 τὸ
729 4706 793 4763 δὲ
834 4703 1211 4779 ἀριθμητικὸν
1256 4706 1319 4763 τὸ
1362 4704 1620 4765 ἐναντίον
1665 4716 1843 4763 ποιεῖ·
1902 4705 2274 4779 ἐξαρίθμησιν
2310 4704 2420 4778 γὰρ
2455 4713 2704 4763 ποιεῖται
2741 4701 2944 4778 μόνον,
2991 4704 3203 4773 τάξεως
3248 4702 3417 4778 λόγον
3454 4703 3529 4777 μὴ
3569 4702 3913 4776 ποιούμενον
3953 4706 4025 4777 Ρ,

299 4798 607 4866 eademque
644 4800 774 4868 poet
809 4792 1076 4866 άναγωγή
1114 4797 1208 4867 (cf.
1245 4798 1435 4853 adnot.
1474 4798 1547 4853 ad
1584 4815 1636 4853 v.
1664 4797 1761 4866 27)
1792 4798 1855 4852 Κ
1875 4799 1896 4867 ΙΙ
1921 4796 1998 4853 28
2033 4794 2125 4868 δέ]
2163 4795 2268 4867 μὲν
2304 4796 2396 4864 ΡΙ
2428 4793 2559 4864 πύρ.
2598 4793 2826 4865 δρύϊνος
2864 4790 3131 4865 ἐλάφινος
3157 4812 3267 4854 οιιι.
3296 4795 3353 4850 Β
3382 4798 3393 4863 Ι
3422 4798 3556 4866 post
3592 4792 3859 4865 ἐλάφινος
3894 4794 4022 4852 add.

297 4882 570 4958 άμμῶδης
596 4885 662 4939 Κ
685 4889 699 4955 Ι
726 4880 962 4954 πύρινος
998 4886 1103 4957 μὲν
1142 4918 1208 4928 --
1247 4883 1467 4958 ἐλάφου
1494 4904 1602 4943 οιιι.
1632 4885 1841 4941 MLH
1862 4889 1874 4957 Ι
1903 4882 2137 4955 πύρινος
2172 4882 2277 4956 μὲν
2315 4875 2423 4940 οὖν
2458 4880 2518 4956 6]
2557 4884 2680 4940 οἷον
2706 4880 2943 4954 πύρινος
2978 4879 3010 4939 6
3037 4883 3118 4951 Β,
3158 4884 3254 4954 qui
3292 4883 3493 4939 deinde
3532 4878 3799 4953 ἐλάφινος
3827 4898 4023 4938 vocem

301 4975 543 5031 secundo
579 4975 703 5030 loco
740 4974 1158 5045 interpretatur,
1196 4972 1425 5044 δρύϊνος
1461 4976 1629 5031 tertio
1665 4976 1686 5044 ΙΙ
1721 4973 1798 5030 24
1832 4977 1962 5044 posia
2001 4970 2216 5075 ἐλάφου
2264 4974 2391 5029 add.
2430 4970 2702 5046 α’μμωδης
2738 4969 2769 5029 6
2808 4971 3057 5045 μετέχων
3092 4968 3284 5045 ἄμμου
3323 4973 3386 5027 Κ
3406 4972 3527 5042 125
3563 4969 3752 5042 λόγος,
3790 4967 4026 5042 αγγελος

300 5064 367 5119 Κ
371 5064 460 5134 ΡΙ
491 5059 593 5136 δὴ]
632 5066 725 5120 δει
760 5064 958 5120 MLR
991 5067 1012 5135 1
1046 5064 1123 5121 26
1158 5064 1257 5119 καὶ
1293 5061 1324 5119 6
1362 5062 1525 5135 λόγος
1561 5058 1740 5120 αύτοῦ
1778 5058 1985 5135 ὁμοίως
2021 5038 2131 5120 οιῖι.
2161 5063 2215 5118 L
2254 5066 2262 5133 Ι
2302 5059 2534 5135 ὁμοίως]
2572 5069 2788 5118 νοειται
2822 5063 2889 5118 H
2892 5062 2948 5119 Β
2981 5065 3002 5133 ΙΙ
3036 5062 3109 5119 27
3147 5061 3341 5126 πάθος
3377 5061 3440 5117 δὲ
3479 5057 3556 5124 ὥς
3589 5057 3800 5133 κριτός]
3838 5057 4025 5130 κριτὸς

302 5151 367 5208 δὲ
407 5153 474 5207 Η
508 5153 518 5223 Ι
561 5154 692 5223 post
729 5148 1059 5222 κρινόμενος
1094 5153 1221 5209 add.
1260 5148 1400 5223 ὅπερ
1439 5152 1553 5209 ἔστι
1589 5150 1781 5217 πάθος
1817 5153 1898 5223 Β,
1935 5154 2066 5224 post
2099 5152 2334 5210 eandem
2370 5169 2567 5209 vocem
2606 5152 2733 5208 add.
2772 5148 2836 5208 ἐκ
2874 5153 2974 5208 τοῦ
3015 5149 3244 5217 πάθους
3280 5147 3317 5222 ἡ
3353 5146 3621 5222 άναγωγή
3658 5150 3724 5206 Κ
