4809 5959
1941 492 2329 558 -9-

539 663 924 754 άναλογίας·
994 663 1237 753 ὁμαλαὶ
1284 666 1358 735 δὲ
1411 667 1522 735 καὶ
1578 663 1887 755 εὐμαρεῖς
1940 667 2036 753 ἒξ,
2080 671 2154 735 ᾗ
2197 671 2285 735 ἵν
2330 670 2389 736 ἐ”ι
2435 673 2512 736 ἕῦ
2557 671 2627 735 ἦ
2671 673 2772 737 οἳ.
2853 666 3292 758 ’Τπομένουσι
3348 669 3423 740 δὲ
3477 667 3702 740 αὐτῶν
3754 673 3995 741 πολλαὶ

538 773 649 842 καὶ
694 771 809 854 τὰς
843 774 1257 862 καλουμένας
1296 774 1680 859 διαιρέσεις,
1726 768 1875 842 οἷον
1912 786 2067 854 παῖς
2100 771 2285 860 πάϊς,
2330 773 2600 844 θειῶσω
2637 774 2923 844 θειωσω.
2991 772 3267 845 Ἀττικοὶ
3305 775 3381 845 δὲ
3414 776 3732 858 πολλάκις
3767 774 3994 847 αὐτῶν

539 878 613 949 τὸ
653 878 971 968 δεύτερον
1004 876 1455 968 ὑφαιροῦνται
1493 883 1631 947 τῶν
1667 879 2105 967 φωνηέντων,
2139 879 2214 948 τὸ
2252 886 2508 949 κλαίειν
2544 880 2768 951 κλάειν
2805 882 2917 951 καὶ
2954 880 3028 951 τὸ
3056 896 3237 951 πιεῖν
3263 883 3415 952 πιέν
3449 884 3559 952 καὶ
3586 882 3662 953 τὸ
3691 895 3997 954 τετοκυῖα

537 985 815 1056 τετοκύα
852 989 1171 1074 λέγοντες.
1235 987 1392 1054 Είσὶ
1430 985 1504 1055 δὲ
1540 982 1764 1055 αὐτῶν
1812 988 1882 1054 οἰ
1912 984 2038 1072 μὲν
2080 985 2244 1055 κατὰ
2281 991 2562 1074 κρᾶσιν,
2611 985 2701 1066 ὥς
2744 984 2786 1074 ἡ
2835 994 2903 1057 οἶ
2945 989 3056 1056 καὶ
3095 994 3179 1058 ο-υ
3222 989 3333 1057 καὶ
3370 995 3459 1057 αἳ
3502 991 3612 1060 καὶ
3658 997 3762 1077 ἦ,
3808 994 3881 1060 οἰ
3921 991 3997 1060 δὲ

539 1089 681 1161 κατ’
724 1092 1159 1180 ἐπικράτειαν,
1195 1089 1287 1173 ὥς
1330 1089 1372 1180 ἡ
1418 1097 1479 1162 ἔι
1521 1093 1633 1161 καὶ
1669 1098 1740 1179 Hi
1785 1093 1897 1162 καὶ
1933 1096 2017 1161 Τόι
2051 1094 2161 1161 καὶ
2199 1099 2300 1178 αἰ,
2349 1098 2421 1162 oc
2452 1093 2527 1162 δὲ
2563 1092 2728 1162 κατὰ
2766 1095 3105 1180 διέξοδον,
3149 1091 3242 1176 ὥς
3275 1092 3319 1183 ἡ
3356 1100 3446 1182 η”ῦ
3474 1097 3585 1165 καὶ
3615 1105 3731 1166 ω-υ.
3802 1096 3914 1165 καὶ
3952 1097 3992 1184 ἡ

539 1199 664 1286 μὲν
699 1206 768 1268 Ec
804 1197 946 1268 κατ’
978 1197 1400 1287 ἐπικράτειαν
1419 1201 1546 1268 καὶ
1581 1198 1748 1268 κατὰ
1783 1202 2049 1286 κρᾶσιν·
2121 1199 2232 1268 καὶ
2266 1197 2413 1268 κατ’
2447 1199 2865 1286 ἐπικράτειαν
2900 1202 3053 1288 μέν,
3090 1198 3182 1282 ὡς
3216 1202 3293 1269 ἐν
3316 1210 3408 1294 τῷ
3434 1199 3637 1288 ἅιδω,
3681 1202 3792 1271 καὶ
3828 1201 3992 1271 κατὰ

543 1310 951 1394 συναίρεσιν,
978 1302 1070 1386 ὥς
1096 1306 1171 1374 ἐν
1196 1309 1289 1397 τῷ
1311 1314 1498 1387 Αἴας.
1532 1306 1646 1374 καὶ
1671 1304 1798 1375 ὅσα
1824 1305 1949 1393 μὲν
1978 1302 2203 1374 αὐτῶν
2229 1306 2301 1374 ἐκ
2331 1306 2457 1375 δύο
2485 1307 2790 1394 βραχέων
2821 1308 3284 1394 συνετέθησαν
3310 1309 3737 1396 φωνηέντων,
3765 1306 3995 1396 εὕηχοι

539 1411 650 1479 καὶ
695 1418 874 1481 λεταί
912 1417 1116 1497 εἰσιν,
1162 1409 1289 1481 ὅσα
1327 1411 1401 1480 δὲ
1437 1413 1509 1481 ἐκ
1545 1416 1819 1500 μακρῶν
1855 1412 1966 1480 καὶ
2001 1413 2336 1500 βραχέων,
2380 1427 2677 1501 τραχεῖαι
2712 1413 2823 1481 καὶ
2861 1416 3218 1502 δυσχερεῖς.
3274 1411 3547 1501 ’Ἀλογοι
3575 1414 3649 1483 δὲ
3686 1414 3996 1502 λέγονται

538 1515 687 1603 ἤτοι
731 1520 1100 1607 παράλογοι
1154 1515 1196 1607 ἡ
1241 1525 1311 1587 αἱ
1356 1519 1468 1586 καὶ
1520 1515 1562 1605 ἡ
1612 1527 1707 1604 ὄῖ,
1764 1514 1855 1598 ὡς
1906 1516 1995 1605 μὴ
2053 1513 2323 1606 ἔχουσαι
2379 1522 2623 1589 δοῦναι
2677 1519 2883 1607 λόγον
2939 1523 3282 1606 συστολῆς.
3370 1524 3462 1587 Εἰ
3515 1522 3594 1590 δέ
3643 1547 3743 1602 τις
3797 1530 3994 1609 εἴποι,

541 1621 653 1692 διὰ
697 1629 766 1692 τί
804 1625 915 1693 καὶ
959 1622 1076 1705 τὰς
1121 1622 1453 1711 συλλαβὰς
1489 1626 1561 1692 ἐκ
1600 1621 1724 1692 δύο
1764 1622 2213 1710 συνεστώσας,
2262 1630 2333 1693 ἔκ
2368 1649 2439 1691 τε
2476 1623 2863 1712 φωνήεντος
2888 1624 2999 1692 καὶ
3030 1625 3432 1712 συμφώνου,
3476 1622 3566 1714 μὴ
3609 1628 3995 1714 δίφθογγον

539 1728 850 1818 λέγομεν,
897 1739 1056 1800 ἴστω
1094 1728 1197 1800 ὅτι
1235 1728 1362 1800 ὅσα
1392 1729 1817 1820 διαιρεθέντα
1847 1728 2128 1799 δύναται
2162 1735 2439 1819 ποιῆσαι
2476 1731 2602 1800 δύο
2641 1727 2870 1819 ὅμοια,
2916 1728 3137 1826 ὥσπερ
3165 1728 3202 1799 ὃ
3236 1731 3598 1820 Παρνασὸς
3625 1733 3995 1821 δικόρυφος

538 1845 830 1906 καλεῖται
876 1837 1015 1906 ἐπεὶ
1060 1835 1291 1925 ὁρᾶται
1340 1837 1466 1906 δύο
1511 1835 1811 1926 κορυφὰς
1856 1841 2056 1924 ἔχων,
2114 1834 2290 1907 οὕτω
2336 1837 2450 1906 καὶ
2495 1828 2692 1906 αὗται
2738 1840 3132 1924 δίφθογγοι,
3187 1836 3413 1925 ἐπειδὴ
3459 1845 3818 1926 φαίνονται
3867 1839 3993 1908 δύο

539 1942 888 2030 φθόγγους
933 1950 1226 2032 ἔχουσαι·
1289 1944 1371 2015 τὰ
1416 1944 1491 2012 δὲ
1536 1945 1865 2032 σύμφωνα
1920 1948 2102 2014 ἴδιον
2157 1946 2473 2032 φθόγγον
2527 1942 2650 2013 οὐκ
2695 1948 2965 2032 ἔχουσιν
3010 1940 3102 2024 ὥς
3153 1942 3234 2013 τὰ
3279 1943 3666 2032 φωνήεντα,
3719 1948 3834 2013 ἵνα
3879 1943 3995 2025 τὰς

540 2047 874 2137 συλλαβὰς
918 2054 1262 2139 δίφθογγα
1305 2050 1619 2138 λέγωμεν.

639 2195 762 2262 Sed
811 2196 1089 2262 dubitati
1135 2218 1269 2262 non
1313 2200 1556 2280 potest,
1601 2195 1757 2281 quin
1795 2194 1988 2260 etiam
2026 2194 2195 2261 inter
2230 2216 2307 2261 ea
2344 2195 2592 2262 scholia
2636 2217 2799 2282 quae
2844 2196 3023 2262 nullo
3061 2197 3321 2263 nomine
3367 2196 3590 2264 addito
3636 2198 3704 2262 in
3741 2195 3996 2263 Veneta

272 2308 340 2370 et
384 2302 815 2387 Neapolitana
869 2302 1247 2369 collectione
1302 2307 1548 2387 extant,
1602 2301 1776 2368 haud
1829 2323 2037 2387 pauca
2091 2323 2168 2368 ex
2220 2301 2563 2369 Heliodori
2616 2303 3077 2369 commentario
3134 2303 3340 2387 petita
3394 2304 3538 2371 sint.
3628 2304 3995 2370 constantia

269 2411 446 2475 enim
502 2408 777 2495 quadam
830 2431 1020 2475 usum
1074 2410 1601 2494 explanationum
1662 2408 1918 2474 illarum
1983 2410 2567 2496 conglutinatorem
2626 2408 2818 2476 huius
2872 2410 3278 2496 grammatici
3333 2411 3866 2477 commentarium
3925 2410 3994 2474 in

271 2538 408 2581 rem
449 2537 630 2596 suam
669 2516 1060 2582 convertisse
1097 2537 1175 2581 ex
1220 2538 1298 2583 ea
1341 2519 1525 2601 parte
1573 2521 1868 2602 apparet,
1915 2516 2029 2582 ubi
2076 2517 2523 2582 commentarii
2559 2514 2941 2582 Barocciani
2988 2517 3225 2584 auxilio
3273 2517 3475 2583 adiuti
3520 2517 3999 2603 cognoscimus,-

273 2644 468 2709 quam
515 2623 829 2689 rationem
875 2624 985 2689 ille
1033 2629 1289 2690 secutus
1345 2625 1432 2689 sit
1483 2625 1553 2690 in
1607 2622 2019 2709 excerpendis
2067 2623 2571 2711 colligendisque
2617 2622 3161 2688 adnotationibus.
3251 2622 3393 2701 Qua
3446 2623 3524 2688 de
3572 2645 3768 2689 causa
3820 2622 3995 2689 haud

271 2730 464 2796 dubie
510 2730 650 2795 fieri
694 2734 913 2815 potest
954 2731 1156 2818 siquis
1194 2731 1584 2798 scholiorum
1622 2730 2169 2817 Dionysianorum
2206 2752 2444 2796 novam
2482 2729 2829 2795 editionem
2865 2728 3193 2812 instituat,
3238 2732 3315 2794 ut
3349 2727 3638 2796 codicum
3676 2729 3994 2795 Marciani

272 2835 753 2924 Burbonicique
798 2836 1216 2904 fundamento
1262 2839 1444 2904 nisus
1489 2838 1599 2904 ille
1637 2839 1835 2905 etiam
1871 2838 1951 2903 ad
1989 2837 2240 2922 priores
2278 2835 2586 2902 tredecim
2625 2835 2786 2900 artis
2820 2834 3272 2921 paragraphos
3308 2835 3432 2900 etsi
3458 2856 3590 2900 non
3618 2835 3995 2902 continuum

272 2944 805 3009 commentarium
850 2942 1306 3010 Heliodoreum
1351 2948 1711 3030 recuperet,
1763 2947 1984 3010 tamen
2036 2963 2342 3029 magnum
2391 2962 2732 3008 numerum
2779 2941 3169 3008 scholiorum
3225 2942 3307 3008 ab
3363 2963 3441 3008 eo
3487 2942 3994 3028 compositorum

272 3070 389 3115 seu
432 3050 651 3135 potius
698 3072 733 3116 e
778 3048 1215 3118 Choerobosci
1260 3051 1428 3117 libro
1474 3050 1940 3135 descriptorum
1989 3054 2327 3135 proponat.

592 3157 835 3223 Eorum
875 3162 1090 3224 autem
1120 3157 1457 3224 Heliodori
1504 3156 1897 3223 scholiorum
1935 3178 2099 3242 quae
2144 3157 2216 3222 in
2252 3155 2649 3222 Barocciano
2688 3159 2755 3220 et
2791 3154 3121 3221 codicibus
3159 3177 3236 3221 ex
3271 3156 3386 3222 illo
3425 3155 3733 3222 derivatis
3770 3157 3993 3243 legun-

270 3265 406 3344 tur,
451 3260 556 3327 hic
604 3265 705 3328 est
749 3262 969 3328 index:

594 3371 633 3450 ἓ
685 3370 784 3434 14.
855 3368 1364 3455 Explanationes
1411 3370 1491 3436 de
1527 3370 1898 3436 nominibus
1935 3371 2418 3455 interrogativis
2457 3375 2523 3436 et
2559 3369 2910 3435 indefinitis
2949 3368 3056 3455 (cf.
3084 3391 3147 3454 p.
3174 3367 3270 3454 5);
3320 3368 3557 3433 lemma
3588 3368 3716 3435 BA
3754 3392 3816 3455 p.
3844 3370 3996 3454 637,

277 3475 564 3558 10-12;
612 3476 760 3560 873,
805 3477 1141 3559 30-874,
1187 3477 1256 3562 2;
1301 3477 1541 3543 lemma
1586 3478 1737 3561 637,
1789 3477 1868 3543 13
1907 3499 2001 3563 sq.
2049 3478 2205 3563 874,
2256 3475 2541 3561 18—323
2596 3475 2834 3540 lemma
2878 3474 3027 3560 637,
3077 3475 3159 3540 15
3196 3497 3291 3561 sq.
3337 3475 3497 3560 875,
3540 3476 3877 3559 22-876,
3923 3478 3992 3562 8;

270 3582 509 3648 lemma
545 3582 695 3666 637,
747 3583 842 3649 17.
890 3584 1039 3667 876,
1083 3584 1412 3668 27-877,
1457 3585 1529 3668 53
1573 3586 1812 3650 lemma
1857 3584 2016 3668 637,
2058 3585 2138 3649 18
2168 3605 2306 3670 sqq.
2354 3583 2504 3665 877,
2548 3582 2890 3666 20-878,
2934 3582 3004 3665 23
3061 3581 3300 3647 lemma
3344 3580 3494 3664 637,
3540 3582 3629 3647 20
3661 3605 3798 3669 sqq.
3844 3583 3993 3666 878,

279 3689 566 3772 14-303
612 3689 849 3756 lemma
895 3690 1044 3775 637,
1088 3690 1176 3756 23
1205 3713 1341 3776 sqq.
1389 3691 1537 3776 879,
1583 3691 1909 3774 23-880,
1953 3691 2014 3754 4.

593 3799 633 3878 ἓ
686 3797 784 3863 15.
857 3796 1027 3882 Περὶ
1074 3794 1379 3883 ῥήματος.
1455 3798 1603 3882 881,
1653 3798 1852 3882 1--8;
1900 3797 2050 3880 882,
2105 3797 2379 3881 1-884,
2426 3794 2565 3883 3¹);
2614 3793 2764 3879 886,
2809 3794 3137 3879 31—887‚
3189 3795 3297 3879 153
3344 3795 3493 3879 887,
3542 3795 3624 3860 27
3658 3816 3752 3879 sq.

591 3905 631 3984 ἓ
678 3903 780 3969 20.
856 3904 1003 3984 898,
1050 3904 1377 3986 22-899,
1425 3901 1593 3991 12¹);
1639 3904 1789 3988 900,
1840 3903 2160 3987 19-902,
2212 3902 2444 3987 19;,d0
2491 3901 2747 3968 articuli
2791 3901 3082 3967 flexione.

590 4012 674 4092 ἓξ
721 4011 802 4075 21
854 4014 919 4075 et
955 4010 1058 4076 22.
1130 4008 1301 4097 Περὶ
1347 4005 1784 4094 ἅντωνυμίας.
1829 4009 1980 4093 904,
2014 4008 2300 4092 10-2Ο;
2347 4009 2497 4092 904,
2525 4007 2857 4090 25-905,
2889 4009 2958 4091 7;
3004 4008 3155 4092 906,
3203 4009 3445 4092 7-11;
3493 4007 3653 4086 904,
3700 4007 3993 4080 21—243

272 4114 432 4199 906,
476 4115 821 4195 30—907‚
858 4116 927 4201 63
973 4116 1123 4199 907,
1167 4117 1502 4201 25-908,
1549 4117 1619 4199 23
1675 4116 1912 4181 lemma
1956 4114 2115 4197 640,
2159 4115 2265 4180 22.
2320 4115 2479 4198 908,
2531 4113 2880 4197 11-911,
2926 4114 3039 4197 29;
3087 4113 3165 4180 de
3211 4113 3484 4180 flexione
3529 4114 3993 4196 pronominum

267 4222 736 4308 personalium3
793 4222 872 4288 de
917 4223 1410 4316 pronominibus
1455 4224 1514 4305 ἵ,
1559 4216 1789 4305 αὐτός,
1836 4220 2116 4302 ἐκεῖνος,
2164 4215 2375 4307 ὄδεθ);
2423 4220 2581 4303 912,
2628 4220 2878 4296 8-11;
2939 4219 3014 4285 de
3061 4219 3489 4285 declinatione
3535 4221 3989 4304 pronominum

593 4453 645 4518 1)
682 4450 837 4507 add:
873 4447 1190 4517 παρέπεται
1225 4447 1288 4505 δὲ
1329 4449 1403 4524 τῷ
1440 4446 1647 4520 ρ’ήματι
1683 4445 1856 4520 όκτιό,
1895 4445 2165 4520 ἐγκλίσεις
2194 4491 2206 4503 .
2237 4492 2250 4505 .
2279 4492 2294 4506 .
2325 4491 2338 4505 .
2370 4444 2496 4506 ἐπεὶ
2532 4448 2649 4503 πᾶν
2685 4443 2957 4502 διδακτὸν
2995 4442 3055 4514 ἐξ
3094 4442 3230 4515 ’ὅρου
3257 4446 3355 4502 καὶ
3384 4447 3797 4518 παρεπομένων
3824 4450 3985 4516 διορ-

267 4538 510 4608 θοῦται,
556 4535 848 4609 πληρώσας
884 4534 914 4595 ὅ
953 4534 1209 4609 τεχνικὸς
1244 4534 1349 4608 τὴν
1386 4534 1648 4608 ἐξήγησιν
1691 4539 1793 4594 τοῦ
1841 4531 1980 4606 ὅρου
2025 4539 2156 4608 περὶ
2199 4539 2312 4593 τῶν
2357 4534 2768 4608 παρεπομένων
2804 4532 3037 4606 ἄρχεται
3076 4538 3402 4606 διαλαβεῖν,
3448 4531 3616 4592 ὅτινα
3654 4532 3887 4599 ἐντελῶς
3926 4533 3990 4593 ἐν

267 4627 348 4702 τῷ
383 4626 513 4697 περὶ
550 4617 829 4699 ὀνόματος
864 4623 977 4698 ἤδη
1011 4625 1332 4698 εἰρήκαμεν.

589 4719 644 4786 2)
683 4717 838 4774 add.:
882 4712 1105 4787 ἄρθρον
1150 4714 1319 4788 μέρος
1353 4710 1523 4785 λόγου
1561 4713 1865 4786 πτωτικόν,
1911 4711 2039 4772 dul
2075 4717 2178 4771 τοῦ
2226 4710 2465 4778 πτώσεις
2500 4711 2565 4771 ἐν
2603 4708 2787 4787 ἐαυτῷ
2828 4711 2986 4785 ἔχον,
3031 4708 3489 4785 προτασσόμενον
3536 4714 3634 4770 καὶ
3676 4709 3990 4769 ὑποτασσό-

268 4823 443 4877 μενον
489 4806 586 4876 τῆς
622 4809 850 4870 κλίσεως
884 4807 998 4861 τῶν
1043 4801 1353 4877 ὀνομάτων.
1427 4803 1813 4873 Προστιθέναι
1859 4806 1954 4861 δεῖ
1993 4804 2092 4859 καὶ
2137 4799 2625 4876 ὑποτασσόμενον,
2672 4798 2750 4858 ἵν’
2791 4794 2828 4875 ἦ
2867 4800 3321 4874 προτασσόμενον
3367 4803 3463 4859 καὶ
3510 4799 3990 4873 ὑποτασσόμενον,

269 4889 390 4949 τότε
432 4890 719 4964 δηλονότι,
756 4890 926 4965 ἡνίκα
964 4893 1047 4958 είς
1080 4895 1287 4965 γνῶσιν
1324 4890 1816 4964 προῦποκειμὲνην
1853 4889 2380 4964 παραλαμβάνεται,
2418 4887 2541 4963 ἥτις
2580 4887 2732 4949 ἐστὶν
2768 4887 3063 4962 άναφορά·
3103 4887 3228 4948 ἐπεὶ
3266 4887 3334 4948 οὗ
3364 4888 3591 4956 πάντως
3617 4887 3989 4962 προτάσσεται

267 4983 370 5038 τοῦ
407 4977 702 5054 ὀνόματος.
776 4982 874 5040 καὶ
912 4981 1063 5040 ἐστιν
1100 4977 1481 5053 προτακτικὸν
1516 4979 1623 5054 μὲν
1658 4978 1719 5052 ὁ,
1754 4977 2135 5038 ὑποτακτικὸν
2170 4979 2236 5038 a}
2273 4977 2363 5052 ὅς,
2400 4979 2526 5037 οἷον
2563 4977 2868 5051 ἅνθρωπος
2905 4975 2969 5045 ὃς
3004 4975 3165 5051 ἦλθε.

588 5075 642 5142 8)
681 5070 802 5143 Χρὴ
841 5069 907 5128 a}
946 5070 1189 5141 εἰδέναι,
1237 5066 1325 5128 ὅτι
1369 5068 1405 5142 ἡ
1445 5068 1589 5127 κατὰ
1627 5067 1691 5127 τὸ
1739 5072 1927 5139 τρίτον
1969 5067 2270 5142 πρόσωπον
2313 5066 2670 5142 ἀντωνυμία,
2715 5066 2837 5140 ἥτις
2882 5066 3034 5127 ἐστὶν
3080 5071 3129 5140 2',
3172 5071 3271 5126 καὶ
3316 5066 3383 5126 αἱ
3422 5063 3526 5125 ἐπ’
3566 5063 3744 5138 αὖε-ῆς
3787 5069 3992 5131 κλίσεις

266 5159 582 5233 α’συνήθεις
617 5152 780 5232 ἦσαν.
855 5162 952 5218 καὶ
998 5157 1229 5232 ἐξεῦρεν
1267 5158 1402 5232 ἡμῖν
1437 5156 1566 5217 ἄντ’
1599 5156 1821 5231 ἐκείνης
1864 5157 2036 5225 ἄλλας
2071 5157 2105 5231 ὴ
2153 5158 2320 5230 τέχνη
2367 5155 2665 5229 συνήθεις,
2712 5157 2773 5214 αἳ
2810 5159 3116 5215 καλοῦνται
3152 5154 3607 5230 μονοπρόσωποι,
3654 5155 3753 5213 διὰ
3799 5153 3861 5213 τὸ
3912 5154 3989 5228 μὴ

376 5264 492 5303 1880.
519 5261 676 5313 Ρποστ.
705 5261 782 5302 Nr.
813 5262 904 5303 ⁶07.
3530 5271 3563 5319 2
