4809 5959
1960 496 2400 561 ...27-

637 693 669 734 ‹
687 671 1014 759 Τέταρτον
1043 673 1473 758 ἐτυμολογίας
1500 667 1818 757 εὕρεσις».
1872 668 2306 757 Ἐτυμολογία
2343 670 2424 738 δέ
2448 672 2628 739 ἐστιν
2656 671 2916 756 ἕτοιμος
2944 669 3259 758 ἑρμηνεία
3286 672 3542 758 λέξεως,
3583 665 3734 741 οἷον
3762 671 3854 753 ὥς
3880 671 4045 742 ὅταν

316 776 782 864 ἐρωτηθώμεν,
818 783 889 845 τί
919 777 1352 866 ἑρμηνεύεται
1388 773 1666 865 πατήρ;
1716 777 1821 846 ἐπὶ
1856 776 1980 863 μὲν
2016 780 2138 846 τοῦ
2175 781 2346 846 θεοῦ
2385 777 2663 865 ἑτοίμως
2698 775 3206 865 ἀποκριθώμεν,
3255 775 3292 846 ὁ
3330 777 3420 846 τὰ
3457 778 3712 847 πάντα
3758 783 4044 868 τηρών·

317 881 423 949 ἐπὶ
469 881 545 950 δὲ
590 879 962 971 ἀνθρώπου
1009 881 1045 953 ὁ
1092 882 1277 965 τοὺς
1322 889 1582 966 ἰδίους
1626 888 1913 963 παῖδας
1955 887 2240 971 τηρών·
2287 881 2457 953 ὥστε
2503 888 2610 954 δεῖ
2649 881 2770 952 τὸν
2814 882 3274 972 γραμματικὸν
3309 886 3421 953 καὶ
3457 883 3575 967 τὰς
3612 886 4045 974 ἐτυμολογίὰς

314 994 451 1058 τών
490 987 709 1059 ὄντων
753 991 1108 1078 γινώσκειν
1152 991 1264 1059 καὶ
1310 991 1588 1078 ἑτοίμως
1631 988 2139 1081 ἀποκρίνεσθαι.
2220 991 2581 1077 (Πέμπτον
2626 988 2990 1077 ἀναλογίας
3025 991 3478 1079 ἐκλογισμός».
3546 990 3933 1080 Ἀναλογίας
3969 994 4046 1063 δὲ

314 1096 706 1184 ἐπιλογισμός
751 1098 932 1165 ἐστιν
976 1095 1352 1185 ἀνάμνησις
1396 1098 1507 1165 καὶ
1552 1095 1879 1179 ἀπόδοσις
1920 1095 2238 1182 κανόνος,
2298 1091 2447 1165 οἷον
2495 1095 2613 1166 ἐὰν
2661 1099 3005 1186 ἐρωτηθῇς
3050 1102 3171 1167 τοῦ
3227 1098 3487 1184 φωτός
3542 1096 3872 1186 ὀνόματος
3915 1098 4040 1187 τὴν

316 1202 613 1290 δοτικήν,
658 1217 858 1273 ποῖον
903 1218 1233 1293 στοιχεῖον
1279 1210 1410 1293 ἔχει
1458 1204 1563 1273 ἐπὶ
1606 1206 1867 1290 τέλους,
1912 1202 2055 1272 εἰπὲ
2100 1200 2203 1272 ὅτι
2243 1219 2270 1271 ῖ
2284 1225 2300 1243 ·
2358 1205 2470 1272 καὶ
2518 1202 2638 1273 ἐάν
2684 1207 3030 1294 ἐρωτηθῇς
3071 1203 3195 1292 τὴν
3243 1208 3494 1290 αἰτίαν,
3542 1203 3654 1273 διὰ
3685 1212 3754 1273 τί
3776 1210 3907 1294 ἔχει
3937 1207 4043 1276 ἐπὶ

315 1310 549 1391 τέλους
592 1308 668 1379 τὸ
718 1326 772 1397 ῖ,
818 1310 962 1380 εἰπὲ
1006 1308 1110 1380 ὅτι
1155 1316 1338 1379 πᾶσα
1382 1309 1611 1398 γενικὴ
1661 1315 1755 1392 εἰς
1799 1315 1874 1389 ἴς
1917 1308 2217 1397 λήγουσα
2261 1314 2473 1400 τροπῇ
2520 1314 2636 1398 τῆς
2679 1315 2755 1384 ἴς
2800 1315 2896 1392 είς
2942 1326 2968 1378 ῐ
3009 1312 3134 1399 τὴν
3183 1310 3459 1398 δοτικὴν
3494 1325 3676 1380 ποιεῖ
3709 1308 4043 1399 ὁμότονον

314 1416 426 1484 καὶ
474 1413 877 1505 ὁμόχρονον.
957 1414 1234 1504 Ὁμοίως
1276 1418 1388 1486 καὶ
1434 1415 1508 1486 τὸ
1555 1431 1826 1505 ταχεῖα
1871 1414 1992 1485 ἐὰν
2037 1415 2150 1484 διὰ
2198 1420 2317 1505 τῆς
2363 1421 2423 1485 ἴι
2468 1416 2859 1504 διφθόγγου
2902 1416 3197 1507 γράψῃς,
3252 1418 3364 1486 καὶ
3410 1417 3836 1506 ἐρωτώμενος
3881 1417 4044 1487 ἀπο-

314 1527 588 1612 κριθῆς,
637 1520 738 1592 ὅτι
785 1520 917 1592 ἀπὸ
966 1526 1102 1592 τῶν
1147 1527 1242 1604 είς
1288 1529 1368 1603 ιΤς
1410 1521 1786 1613 ἀρσενικών
1828 1519 2097 1609 θηλυκὰ
2141 1523 2575 1612 παραγόμενα
2621 1522 2733 1592 διὰ
2780 1528 2899 1611 τῆς
2946 1531 3004 1593 ἴι
3051 1523 3442 1612 διφθόγγου
3493 1524 3847 1613 γράφεται·
3929 1527 4041 1594 καὶ

314 1626 483 1716 αὕτη
510 1627 554 1716 ἡ
584 1627 913 1716 ἀναλογία
948 1627 1323 1718 ἀνάμνησις
1366 1631 1477 1698 καὶ
1524 1626 1849 1711 ἀπόδοσίς
1892 1633 2034 1700 ἐστι
2078 1629 2384 1710 κανόνος.
2461 1638 2592 1699 Δεῖ
2616 1630 2690 1700 δὲ
2718 1629 2837 1699 τὸν
2863 1628 3321 1719 γραμματικὸν
3347 1635 3556 1701 ταῦτα
3583 1631 3799 1700 πάντα
3825 1640 4040 1712 καλῶς

316 1737 733 1806 ἐπίστασθαι.
820 1734 1095 1805 (Ἕκτον
1140 1743 1356 1825 κρίσις
1398 1736 1819 1825 ποιημάτων,
1866 1733 1903 1806 ὃ
1953 1735 2036 1824 δὴ
2092 1736 2453 1807 κάλλιστόν
2508 1740 2643 1806 ἐστι
2698 1735 2973 1807 πάντων
3025 1742 3162 1807 τών
3209 1739 3283 1806 ἐν
3325 1741 3405 1828 τῇ
3451 1738 3647 1827 τέχνῃ
3660 1763 3710 1806 ».
3802 1745 4044 1827 Κρίσις

312 1843 707 1930 ποιημάτων
753 1843 876 1931 μὲν
922 1839 964 1930 ἡ
1012 1841 1291 1933 ἀκριβὴς
1334 1848 1582 1931 γνῶσις
1625 1847 1764 1913 τών
1806 1841 2198 1931 ποιημάτων
2235 1844 2516 1931 λέγεται·
2562 1842 2769 1933 ταύτῃ
2816 1849 2895 1933 τῇ
2942 1842 3364 1934 ἠκριβωμένῃ
3411 1843 3656 1931 γνώσει
3702 1844 4044 1933 χρώμενος

316 1945 353 2017 ὁ
401 1948 854 2038 γραμματικὸς
898 1954 1003 2019 δεῖ
1045 1949 1402 2038 γινώσκειν
1446 1949 1527 2019 τὰ
1571 1955 1799 2038 βιβλία
1843 1954 1959 2038 τῆς
2004 1952 2350 2038 ἐκκλησίας
2393 1948 2644 2037 πάντα,
2700 1952 3041 2020 τουτέστιν
3095 1947 3388 2020 παλαιάν
3442 1950 3555 2018 καὶ
3609 1949 3852 2039 καινὴν
3898 1955 4042 2020 δια-

312 2054 573 2142 θήκην,
636 2059 750 2124 ἵνα
804 2054 969 2126 ὅταν
1023 2055 1279 2147 ἀκούσῃ
1334 2057 1576 2145 φωνὴν
1632 2058 1829 2146 ξένην
1881 2057 1993 2126 καὶ
2050 2057 2450 2146 σύγγραμμα
2505 2053 2546 2145 ἢ
2603 2062 2854 2145 ποίημα
2917 2059 3188 2143 ψευδές,
3252 2054 3342 2145 μὴ
3409 2058 3672 2144 δέξηται
3727 2055 3892 2126 αὐτὸ
3948 2055 4041 2138 ὥς

316 2159 686 2250 ἀληθινόν,
733 2161 959 2251 ἐπειδὴ
998 2168 1180 2232 ἔστιν
1216 2161 1607 2252 εὐαγγέλιον
1638 2163 1802 2234 κατὰ
1842 2170 2092 2252 Θωμᾶν
2137 2165 2522 2253 λεγόμενον.
2604 2172 2736 2232 Δεῖ
2778 2163 2854 2233 δὲ
2896 2162 3254 2251 γινώσκειν
3297 2162 3420 2233 τὸν
3466 2161 3923 2252 γραμματικὸν
3959 2163 4040 2232 τά

316 2265 615 2356 ὀνόματα
640 2271 752 2337 καὶ
778 2269 897 2352 τὰς
923 2269 1157 2359 φωνὰς
1181 2274 1320 2340 τῶν
1347 2268 1857 2359 εύαγγελιστών,
1893 2274 2008 2339 ἵνα
2036 2270 2126 2360 μὴ
2156 2270 2516 2360 ἀλλότριον
2541 2271 2652 2339 καὶ
2689 2270 2932 2353 ψευδὲς
2966 2267 3360 2358 εὐαγγέλιον
3388 2271 3678 2358 δέξηται·
3723 2267 3894 2338 ἀλλὰ
3930 2272 4042 2339 καὶ

314 2371 640 2462 ὁμώνυμα
667 2375 779 2443 καὶ
807 2380 1022 2464 ψευδῆ
1052 2377 1535 2467 συγγράμματα
1562 2382 1755 2465 εἰσίν,
1785 2371 1934 2447 οἷον
1961 2375 2003 2464 ἡ
2034 2379 2356 2465 λεγομένη
2384 2375 2828 2459 Ἀποκάλυψις
2854 2381 2974 2446 τοῦ
3006 2374 3205 2464 ἀγίου
3233 2376 3540 2446 Παύλου·
3580 2373 3664 2446 ού
3700 2375 3831 2466 γάρ
3861 2379 4042 2446 ἐστιν

313 2485 437 2550 τοῦ
466 2479 668 2568 ἁγίου
694 2481 1000 2570 Παύλου,
1027 2481 1178 2552 ἀλλ’
1212 2484 1442 2573 ἑτέρου
1469 2482 1754 2555 Παύλου
1780 2487 2118 2574 αἰρετικοῦ
2142 2487 2265 2553 τοῦ
2292 2485 2786 2570 Σαμωσατέως,
2826 2481 2996 2554 ὅθεν
3035 2486 3105 2552 οἱ
3128 2483 3576 2551 Παυλικιανοὶ
3612 2482 4042 2570 κατάγονται·

312 2588 425 2655 καὶ
472 2588 665 2678 ἑτέρα
706 2588 1149 2672 Ἀποκάλυψις
1194 2589 1236 2678 ἡ
1284 2591 1605 2679 λεγομένη
1651 2596 1774 2661 τοῦ
1819 2590 2186 2678 Θεολόγου·
2235 2588 2359 2659 οὐκ
2404 2595 2543 2659 ἔστι
2590 2590 2665 2658 δὲ
2709 2594 2831 2658 τοῦ
2878 2589 3246 2677 Θεολόγου·
3319 2586 3403 2658 ού
3459 2591 3739 2677 λέγομεν
3796 2589 3872 2657 δὲ
3916 2587 4041 2676 τὴν

316 2696 391 2764 έν
429 2694 684 2788 Πάτμῳ
722 2701 801 2785 τῇ
839 2696 1056 2790 νήσῳ,
1104 2696 1193 2786 μὴ
1230 2699 1520 2785 γένοιτο·
1566 2696 1735 2786 αὕτη
1772 2697 1902 2787 γὰρ
1940 2694 2362 2785 ἀληθεστάτη
2401 2699 2614 2781 ἐστίν,
2662 2694 2829 2766 ἀλλά
2870 2695 2994 2785 τὴν
3030 2694 3478 2784 ψευδώνυμον
3512 2698 3625 2765 καὶ
3661 2694 4040 2783 ἀλλοτρίαν.

316 2808 451 2870 Δεῖ
502 2802 577 2871 δὲ
630 2803 753 2872 τὸν
808 2803 1267 2892 γραμματικὸν
1319 2805 1431 2872 καὶ
1484 2803 1565 2873 τά
1622 2803 1933 2892 ἑλληνικά
1989 2809 2216 2891 βιβλία
2268 2802 2650 2890 γινώσκειν·
2717 2803 2890 2872 εἰσὶν
2951 2800 3081 2891 γὰρ
3136 2802 3249 2870 καὶ
3303 2805 3378 2872 ἐν
3433 2800 3661 2883 αὐτοῖς
3715 2799 4041 2891 ὁμώνυμα

313 2912 540 2994 βιβλία
584 2913 831 2997 ψευδῆ,
879 2903 1028 2979 οἷον
1074 2907 1116 2999 ἡ
1159 2909 1382 2992 ’Λσπὶς
1416 2908 1739 2981 Ἡσιόδου
1783 2912 1892 2979 καὶ
1940 2908 2020 2979 τὰ
2069 2908 2369 3000 Θηριακά
2410 2908 2832 2997 Νικάνδρου·
2879 2908 2962 2979 οὐ
2999 2908 3128 2996 γάρ
3166 2912 3347 2978 ἐστιν
3385 2905 3426 2997 ἡ
3462 2908 3684 2990 ’Λσπὶς
3720 2907 4040 2979 Ἡσιόδου

316 3011 478 3082 οὐδὲ
523 3013 603 3084 τὰ
651 3014 950 3104 Θηριακά
998 3017 1419 3107 Νικάνδρου·
1466 3017 1712 3107 ἑτέρων
1755 3016 1885 3106 γάρ
1934 3022 2105 3087 εἰσιν
2141 3020 2459 3104 ποιητῶν,
2507 3015 2872 3104 ἐχρήσαντο
2912 3016 2988 3085 δὲ
3025 3019 3097 3085 οῖ
3129 3029 3536 3104 συγγραφεῖς
3568 3020 3649 3106 τῇ
3689 3013 4041 3105 ὁμωνυμίᾳ

305 3117 631 3192 Ἡσιόδου
675 3123 785 3191 καὶ
833 3123 1261 3212 Νικάνδρου,
1308 3127 1423 3193 ἵνα
1467 3122 1620 3206 ἄξια
1665 3127 1997 3212 κριθώσιν
2042 3121 2505 3211 ἀναγνώσεως.
2598 3131 2730 3192 Δεῖ
2779 3123 2853 3192 δὲ
2900 3121 3019 3192 τὸν
3066 3121 3524 3211 γραμματικὸν
3567 3126 3776 3193 ταῦτα
3822 3121 4040 3190 πάντα

311 3232 531 3309 καλῶς
577 3232 1003 3317 ἐπίστασθαι,
1048 3231 1160 3298 καὶ
1208 3228 1421 3311 οὕτως
1465 3230 1780 3317 λε’γεσθαι
1827 3231 1937 3299 καὶ
1984 3226 2158 3299 εἶναι
2203 3227 2679 3319 γραμματικόν.

2101 3450 2142 3529 g
2189 3447 2247 3512 2.

1752 3582 1976 3658 ΠΕΡῘ
2017 3580 2618 3658 ἈΝΑΓΜΞΣΕΩΣ

633 3742 1076 3832 (Ἀνάγνωσίς
1114 3748 1249 3814 ἐστι
1286 3745 1673 3835 ποιημάτων
1701 3742 1744 3834 ἢ
1776 3743 2309 3833 συγγραμμάτων
2337 3742 2753 3825 ἀδιάπτωτος
2792 3743 3106 3834 προφορά
3118 3770 3167 3813 ».
3231 3743 3781 3833 Προεδιδάξαμεν
3819 3742 4037 3832 χάριτι

311 3854 519 3935 Θεοῦ,
573 3856 643 3918 τί
673 3853 854 3919 ἐστιν
893 3849 1273 3938 ἀνάγνωσις
1299 3853 1411 3921 καὶ
1438 3851 1717 3941 ποιητὴς
1742 3852 1853 3921 καὶ
1881 3849 2336 3940 συγγραφεύς,
2382 3852 2494 3919 καὶ
2539 3856 2610 3919 τί
2647 3856 2921 3939 ποιήμα,
2967 3851 3077 3919 καὶ
3106 3858 3174 3919 τί
3198 3849 3622 3939 σύγγραμμα·
3670 3847 4036 3936 λειπόμεθα

313 3956 389 4024 δὲ
419 3959 627 4039 δεῖξαι
657 3960 975 4043 ἐνταῦθα,
1002 3965 1070 4026 τί
1086 3960 1266 4029 ἐστιν
1292 3956 1710 4039 ἀδιάπτωτος
1728 3958 2060 4047 προφορά.
2102 3956 2550 4027 Ἀδιάπτωτον
2570 3958 2693 4044 μὲν
2723 3950 2851 4029 οὖν
2878 3957 3133 4045 νόησον
3150 3956 3271 4026 τὸν
3291 3955 3760 4044 ἀμετάπτωτον
3782 3953 4035 4024 σκοπὸν

631 4187 862 4247 DISCR.
901 4189 1051 4245 SCR.
1090 4190 1170 4245 IN
1206 4189 1375 4244 LHR
1410 4188 1448 4244 8
1486 4182 1881 4261 ἑρμηνεύεται]
1912 4190 2080 4258 δηλοῖ
2100 4184 2163 4243 τό
2183 4187 2239 4244 Β
2269 4191 2280 4259 Ι
2313 4184 2407 4244 ἐπὶ
2435 4187 2565 4261 μὲν]
2598 4183 2721 4245 ὄκεὶ
2758 4187 2864 4258 μὲν
2893 4188 3025 4243 LH
3049 4190 3059 4257 Ι
3093 4183 3186 4243 ἐπὶ
3214 4186 3320 4258 μὲν
3350 4219 3415 4228 -
3445 4183 3673 4258 ἀποκρ.]
3704 4188 3802 4242 καὶ
3829 4182 4037 4242 ἀπολο-

313 4274 606 4348 γούμεθα,
643 4274 770 4334 ἐπεὶ
803 4275 909 4349 μὲν
943 4279 1092 4334 θεοῦ
1124 4278 1181 4332 Β
1206 4278 1290 4347 18
1317 4273 1443 4334 ἐπεὶ
1480 4275 1543 4332 δὲ
1574 4271 1745 4346 ἀνθρ.
1775 4277 1829 4332 L
1867 4272 1959 4332 ἐπ’
1990 4273 2159 4346 ἀνθρ.
2189 4274 2253 4334 δὲ
2285 4278 2354 4332 H
2372 4280 2393 4348 Ι
2419 4276 2458 4333 4
2492 4274 2740 4350 γινώσκ.]
2780 4273 3170 4346 ἐπιγινώσκειν
3207 4276 3263 4333 Β
3293 4282 3302 4345 Ι
3335 4275 3432 4331 καὶ
3470 4272 3824 4347 ἐρωτώμενος
3863 4272 4036 4346 ἕτοιμ.

313 4365 384 4420 H
386 4366 443 4420 Β
472 4368 483 4433 Ι
511 4361 795 4436 Ἀναλογία
830 4365 929 4421 καὶ
965 4361 1079 4422 ἔκλ.
1116 4366 1173 4420 Β
1197 4366 1283 4435 10
1317 4364 1415 4422 καὶ
1455 4361 1559 4421 ἐὰν
1597 4395 1665 4408 -
1702 4359 1767 4421 τὸ
1805 4376 1831 4419 ῖ
1864 4364 1975 4420 del.
2013 4364 2219 4422 lineola
2256 4366 2526 4438 perducta
2561 4364 2799 4437 (αἰτίαν]
2838 4360 3177 4435 αἰτιατικήν)
3213 4365 3312 4434 Lfl
3346 4364 3384 4421 8
3419 4361 3485 4419 τὸ
3521 4363 3746 4435 ταχεῖα]
3783 4359 3854 4418 τὰ
3894 4382 4038 4419 στοι-

311 4459 444 4524 χεῖα
480 4453 632 4524 ΗΒ,
668 4454 729 4510 in
764 4454 834 4510 H
860 4458 1053 4511 autem
1088 4454 1162 4511 ab
1198 4456 1319 4511 ead.
1356 4473 1431 4512 m.
1470 4458 1699 4511 correct.
1731 4456 1743 4523 1
1775 4449 2134 4525 ἐρωτώμενος
2168 4450 2266 4510 διὰ
2302 4457 2364 4510 τί
2390 4451 2593 4523 ἀποκρ.
2631 4454 2701 4509 H
2719 4457 2740 4524 Ι
2764 4453 2803 4510 9
2839 4449 2926 4510 ὅτι
2962 4450 3032 4508 τὰ
3070 4448 3184 4509 ἀπὸ
3222 4474 3268 4508 τ.
3305 4452 3363 4510 Β
3393 4456 3402 4520 Ι
3432 4448 3804 4523 καραγόμενα
3841 4469 3950 4510 om.
3979 4453 4037 4508 Β

311 4542 333 4614 ΙΙ
370 4542 445 4599 10
481 4538 861 4607 ἀνταπόδοσις
895 4543 952 4599 Β
997 4547 1018 4613 ΙΙ
1064 4542 1139 4599 18
1181 4541 1434 4599 τουτέστι
1478 4539 1583 4614 τὴν
1628 4546 1757 4600 παλ.
1796 4543 1866 4598 Η
1907 4545 1917 4612 Ι
1966 4540 2195 4615 καινὴν]
2242 4541 2383 4599 νέαν
2419 4544 2489 4599 Η
2524 4538 2629 4613 τὴν
2672 4541 2815 4598 νέαν
2851 4542 2907 4599 Β
2950 4545 2971 4612 Β
3016 4542 3089 4600 15
3145 4550 3254 4600 Δεῖ
3286 4563 3394 4612 γιν.
3440 4538 3472 4598 ὁ
3511 4539 3894 4614 γραμματικός
3930 4543 4034 4615 1215

315 4631 384 4687 17
427 4627 701 4704 ὁμώνυμα
736 4632 857 4706 καὶ]
895 4628 1207 4704 ὁμωνύμως
1242 4632 1312 4687 H
1335 4636 1344 4703 Ι
1377 4627 1446 4688 ού
1480 4629 1590 4702 γάρ
1630 4628 1780 4688 ἔστιν
1818 4628 2178 4701 ἀποκάλυψις
2213 4631 2315 4687 τοῦ
2353 4631 2410 4687 Β
2452 4633 2473 4703 ΙΙ
2518 4630 2592 4687 18
2628 4627 2864 4688 Παύλου
2903 4634 3032 4703 post
3068 4626 3264 4701 ἑτέρου
3306 4647 3414 4687 om.
3453 4632 3523 4687 H
3546 4636 3554 4700 1
3587 4631 3891 4688 παυλιανοὶ
3925 4630 3982 4686 Β
4017 4632 4037 4701 ΙΙ

314 4719 389 4775 19
435 4720 537 4776 τοῦ
578 4717 889 4792 Θεολόγον·
928 4717 1035 4777 ούκ
1078 4752 1145 4763 -
1183 4716 1421 4794 Πάτμῳ]
1459 4721 1559 4777 τοῦ
1595 4716 1896 4791 θεόλητου.
1970 4714 2039 4777 ού
2082 4718 2320 4792 λέγομεν
2366 4720 2466 4776 τοῦ
2500 4716 2784 4790 θεολόγον
2821 4715 2924 4791 τὴν
2972 4716 3036 4777 ἐν
3073 4716 3287 4792 Πάτμῳ
3325 4720 3382 4774 Β
3431 4722 3441 4791 Ι
3490 4715 3597 4776 ούκ
3637 4750 3704 4761 -
3751 4715 4036 4789 Θεολόγου

311 4827 422 4866 om.
462 4810 531 4865 H
566 4813 586 4881 Ι
621 4806 1028 4880 80“άλλότριον
1065 4811 1197 4868 LH
1230 4813 1254 4882 1
1298 4811 1372 4867 88
1408 4811 1597 4884 βιβλία
1631 4810 1721 4883 itu]
1760 4810 1857 4866 καὶ
1891 4823 1955 4881 ψ.
1994 4811 2181 4884 βιβλία
2217 4808 2273 4865 Β
2321 4812 2330 4877 Ι
2380 4804 2450 4866 ού
2487 4805 2595 4880 γάρ
2634 4804 2786 4865 ἔστιν
2826 4841 2892 4851 -
2933 4805 3265 4879 Νικάνδρου
3302 4826 3411 4866 om.
3449 4808 3578 4865 ΗΒ
3612 4812 3633 4879 fl
3668 4809 3745 4864 88
3784 4804 3858 4864 ἔτ.
3898 4804 4032 4883 γὰρ]

312 4894 439 4954 ἀλλ’
481 4894 691 4969 ἑτέρων
726 4900 782 4955 Β
807 4902 828 4969 Ι
855 4898 930 4956 85
972 4899 1249 4970 λέγεσθαι
1284 4900 1382 4957 καὶ
1420 4896 1593 4971 εἶναι]
1632 4897 1855 4969 λέγεται
1893 4896 2044 4955 εἶναι
2078 4898 2134 4955 Β

632 4987 703 5044 87
744 4991 933 5044 ΠΕΡΙ
964 4992 1088 5045 AN.
1126 5005 1236 5046 om.
1273 4989 1329 5044 Β
1371 4992 1392 5059 Β
1435 4988 1511 5044 88
1547 4982 2005 5058 κροεδιδάξαμεν
2044 5019 2110 5030 -
2147 4984 2481 5059 σύγγραμμα
2517 5005 2625 5044 om.
2664 4989 2732 5045 H
2757 4992 2765 5057 Ι
2796 4989 3209 5059 κροεδείξαμεν
3240 4987 3296 5044 Β
3321 4991 3342 5058 fl
3367 4988 3443 5044 80
3480 4984 3862 5059 σύγγραμμαι]
3901 4984 4033 5056 σύγ-

308 5095 484 5147 κριμα
518 5076 574 5131 L
603 5078 612 5148 Ι
643 5074 737 5150 δὲ]
767 5068 873 5133 οὖν
900 5077 956 5133 Β
987 5080 998 5146 Ι
1029 5078 1214 5144 δείξαι
1252 5073 1510 5133 ἐνταῦθα
1550 5094 1658 5134 om.
1688 5077 1758 5132 H
1785 5080 1805 5149 fl
1841 5077 1919 5133 w
1951 5079 2014 5132 τί
2045 5073 2196 5135 ὄστιν
2232 5073 2462 5135 ἀδιάπτ.
2497 5097 2673 5151 προφ.
2714 5079 2881 5136 rubro
2918 5079 3128 5149 scriptu
3162 5093 3319 5135 evan.
3357 5077 3416 5133 in
3445 5075 3500 5131 Β
3539 5079 3549 5147 3
3588 5072 3827 5131 Ἀδιάπτ.
3862 5073 4036 5146 πρὸσ-

310 5163 503 5237 φορὰν
547 5165 654 5238 μὲν
690 5164 897 5237 νόησον
932 5166 989 5222 Β
3533 5236 3607 5291 4*

4078 1121 4111 1168 5

4079 1652 4147 1700 10

4082 2183 4150 2231 16

4078 2716 4147 2765 80

4075 3249 4144 3298 85

4074 3977 4144 4026 30
