4809 5959
2444 478 2831 543 -4-

770 660 1049 724 mantur.
1139 655 1280 723 Nec
1324 657 1537 723 minus
1585 660 1757 723 recte
1804 655 2109 742 pleraque
2154 677 2375 722 eorum
2423 656 2752 741 disputata
2797 660 2973 741 sunt,
3021 677 3186 741 quae
3231 656 3310 722 de
3357 657 3668 722 continua
3711 658 4142 742 posteriorum
4187 677 4493 743 paragra-

770 764 1050 849 phorum
1095 764 1631 849 interpretatione
1677 762 1980 828 disseruit
2025 784 2218 847 quam
2264 763 2333 827 in
2378 761 2615 828 Hamb.
2660 785 2722 848 p.
2760 762 3110 829 325—359
3157 762 3452 849 legimus.
3526 760 3652 829 Sed
3689 784 3843 857 ficum
3888 764 3958 829 in
4002 767 4216 829 cetera
4259 763 4492 830 harum

769 871 1330 958 paragraphorum
1377 870 1625 936 scholia
1669 891 1804 936 non
1857 869 2264 955 inquisiverit
2318 891 2394 936 ac
2448 869 2767 936 nonnulla
2821 892 2985 957 quae
3041 870 3124 935 ab
3178 869 3297 936 illo
3350 870 3610 955 prolata
3655 873 3808 935 sunt
3858 871 4044 936 novis
4092 870 4493 956 argumentis

771 977 1062 1044 stabilire
1107 1000 1300 1063 posse
1338 977 1499 1043 mihi
1534 976 1783 1062 videar,
1829 976 1958 1042 alia
1994 975 2377 1063 corrigenda
2415 998 2554 1042 esse
2593 978 2849 1062 opiner,
2892 980 3101 1043 totam
3136 977 3582 1062 quaestionem
3618 977 3829 1043 denuo
3857 980 4138 1043 tractare
4175 978 4245 1043 in
4272 978 4491 1044 animo

769 1083 933 1149 mihi
977 1088 1077 1151 est
1121 1087 1188 1149 et
1231 1084 1313 1150 ad
1359 1105 1507 1148 eum
1552 1083 1897 1168 perducere
1943 1083 2139 1148 finem
2185 1104 2312 1170 quo
2359 1087 2427 1148 et
2469 1104 2587 1169 per
2638 1084 2807 1148 vires
2852 1104 3032 1148 meas
3079 1088 3146 1148 et
3187 1104 3304 1168 per
3349 1104 3450 1168 ea,
3496 1083 3730 1169 quibus
3774 1104 3930 1149 usus
3977 1105 4147 1167 sum,
4203 1082 4493 1148 subsidia

767 1189 1073 1275 progredi
1125 1189 1288 1255 mihi
1330 1188 1520 1275 licet,
1573 1189 1841 1273 denique
1896 1189 2143 1269 omnia,
2208 1210 2371 1274 quae
2426 1189 2504 1254 de
2560 1188 2953 1256 scholiorum
3009 1189 3380 1255 auctoribus
3446 1188 3782 1274 explorata
3841 1188 4165 1273 videntur,
4227 1188 4297 1254 in
4361 1211 4496 1255 una

772 1297 994 1362 tabula
1041 1295 1278 1362 additis
1321 1296 1600 1362 testibus
1645 1295 2201 1381 comprehendere.
2290 1293 2486 1362 Nitor
2531 1300 2747 1362 autem
2793 1299 3051 1380 praeter
3084 1294 3606 1382 Hamburgensis
3652 1295 3802 1361 libri
3847 1282 4263 1362 collationem
4305 1318 4345 1362 a
4388 1316 4492 1360 me

771 1405 916 1488 ipso
962 1403 1331 1469 institutam
1378 1403 1804 1488 complurium
1850 1403 2125 1469 aliorum
2170 1401 2463 1469 codicum
2510 1403 2780 1488 auxilio,
2830 1423 3104 1489 quorum
3147 1403 3449 1469 notitiam
3496 1406 3611 1468 aut
3653 1402 3815 1468 meis
3862 1403 4063 1469 oculis
4109 1402 4275 1469 mihi
4321 1424 4491 1470 com·

770 1511 999 1594 paravi
1045 1512 1161 1575 aut
1205 1510 1408 1576 debeo
1443 1508 1629 1574 Vhli
1640 1510 1798 1595 gio,
1847 1509 2164 1595 magistro
2213 1510 2488 1595 optimo,
2542 1510 2646 1575 cui
2690 1508 2905 1575 facere
2947 1530 3083 1574 non
3128 1531 3394 1593 possum
3440 1509 3597 1597 quin
3642 1510 3958 1575 maximas
4004 1530 4199 1596 agam
4244 1509 4493 1596 gratias

771 1636 890 1700 pro
938 1616 1237 1700 plurimis
1283 1636 1439 1702 erga
1482 1637 1586 1683 me
1629 1616 1986 1700 beneficiis,
2032 1638 2305 1702 quorum
2350 1616 2528 1701 piam
2572 1617 2949 1683 memoriam
2992 1616 3247 1681 nullum
3289 1638 3580 1702 unquam
3623 1620 3878 1702 tempus
3913 1616 3985 1682 in
4020 1638 4126 1682 me
4163 1617 4492 1683 oblivione

772 1726 1078 1789 conteret.
1162 1721 1305 1799 Qua
1349 1723 1522 1789 enim
1567 1744 1707 1789 esse
1753 1723 1919 1788 solet
1960 1723 2412 1788 benevolentia
2454 1724 2526 1788 in
2572 1722 2925 1808 discipulos
2974 1744 3153 1808 suos,
3199 1723 3360 1789 mihi
3405 1723 3750 1809 concessit,
3807 1726 3883 1788 ut
3925 1723 4374 1790 adnotationes
4420 1726 4492 1789 in

773 1849 987 1912 meum
1018 1849 1208 1894 usum
1237 1832 1692 1915 converterem,
1729 1850 1890 1914 quas
1915 1829 2058 1915 ipse
2086 1850 2120 1893 e
2149 1829 2477 1895 codicibus
2503 1829 2836 1896 nonnullis
2861 1826 3198 1896 Vaticanis
3227 1850 3373 1895 cum
3401 1828 3647 1895 Romae
3673 1833 4038 1896 versaretur
4064 1834 4493 1917 excerpserat.

1091 1934 1232 2000 Iam
1276 1936 1584 2022 incipiam
1630 1936 1712 2001 ab
1756 1934 2098 2002 Heliodori
2143 1936 2627 2021 explanatione,
2682 1935 2911 2001 deinde
2955 1956 3223 2023 pergam
3269 1936 3351 2002 ad
3397 1936 3642 2003 scholia
3686 1934 4112 2023 Melampodis
4159 1938 4292 2003 sive
4338 1935 4491 2003 Dio-

772 2041 1006 2126 medis,
1064 2042 1258 2107 tertio
1313 2042 1477 2108 loco*
1514 2041 1592 2108 de
1648 2040 1961 2127 Stephani
2011 2042 2656 2128 interpretationibus
2711 2042 3083 2129 disputabo,
3146 2047 3376 2130 quarto
3440 2065 3647 2129 pauca
3702 2044 3935 2110 addam
3995 2044 4072 2109 de
4126 2043 4491 2130 Porphyrio

774 2151 840 2212 et
885 2145 1188 2233 Georgio.
1259 2146 1363 2214 Ne
1398 2169 1549 2214 vero
1586 2148 1746 2215 fines
1784 2147 2088 2214 excedam
2133 2149 2716 2235 programmatario
2755 2151 3172 2236 constitutos,
3214 2152 3312 2217 ita
3352 2173 3489 2217 rem
3527 2172 3774 2238 geram,
3819 2154 3896 2218 ut
3931 2173 4008 2217 ex
4043 2151 4227 2217 libris
4262 2172 4490 2217 manu·

775 2253 1034 2339 scriptis
1091 2276 1170 2321 ea
1223 2276 1387 2340 quae
1433 2255 1596 2321 scire
1640 2255 1899 2321 intersit
1939 2255 2293 2341 proferam,
2348 2259 2416 2320 et
2467 2277 2632 2341 quae
2687 2277 2766 2322 ex
2811 2256 2914 2321 his
2970 2256 3241 2342 aliisque
3292 2256 3686 2323 testimoniis
3733 2256 4098 2343 colligenda
4142 2278 4283 2323 esse
4328 2257 4492 2323 mihi

776 2357 1120 2424 videantur
1165 2359 1446 2426 breviter
1491 2360 1877 2446 significem,
1922 2359 2250 2446 longiores
2297 2365 2512 2428 autem
2558 2362 3156 2449 argumentationes
3204 2362 3318 2428 alii
3362 2363 3508 2429 loco
3553 2384 3893 2430 reservem.

2604 2576 2663 2643 I.

2081 2707 2181 2765 De
2226 2708 2714 2767 commentario
2756 2709 3186 2768 Heliodoreo.

1093 2837 1311 2907 Codex
1355 2839 1901 2927 Hamburgensis‚
1947 2863 2137 2928 quem
2182 2842 2581 2911 bibliotheca
2625 2843 2848 2909 urbica
2894 2844 3050 2910 olim
3098 2866 3175 2910 ex
3221 2844 3439 2930 legato
3475 2842 3548 2908 L.
3572 2841 3905 2910 Holstenii
3945 2848 4142 2909 nacta
4186 2847 4311 2924 est,
4355 2846 4491 2909 tres

774 2949 932 3014 artis
978 2946 1415 3033 Dionysianae
1462 2947 1957 3013 commentarios
2003 2947 2292 3035 exhibet,
2344 2971 2617 3036 quorum
2660 2950 2910 3034 primus
2957 2949 3047 3037 (p.
3094 2951 3180 3017 33
3198 2947 3449 3035 -278)
3507 2973 3584 3016 ex
3631 2949 4271 3035 interpretationibus
4318 2971 4490 3016 com·

770 3054 1056 3139 plurium
1103 3054 1595 3122 scholiastarum
1641 3054 2036 3140 compositus
2082 3060 2207 3142 est,
2261 3056 2427 3122 alter
2472 3053 2561 3144 (p.
2607 3055 3008 3146 298—320)
3057 3057 3138 3123 ab
3185 3079 3311 3124 uno
3366 3057 3715 3142 interprete
3761 3056 4095 3122 confectus
4151 3059 4277 3141 est,
4329 3057 4489 3121 item

774 3159 856 3225 ab
900 3183 1033 3227 uno
1077 3162 1308 3227 tertius
1354 3158 1445 3246 (p.
1491 3157 1910 3248 325—359).
1998 3160 2217 3248 Atque
2271 3163 2518 3248 primus
2574 3164 2657 3231 ad
2712 3186 2935 3231 omnes
2981 3164 3248 3231 technes
3271 3154 3741 3251 'paragraphos
3786 3163 4097 3249 pertinet,
4150 3163 4222 3228 in
4278 3163 4488 3230 altero

772 3264 954 3332 deest
989 3267 1357 3353 explanatio
1394 3266 1950 3352 paragraphorum
1988 3266 2181 3335 3—7.
2223 3269 2322 3335 12.
2366 3270 2447 3336 13
2487 3270 2582 3336 ed.
2619 3271 2820 3338 Bekk.
2868 3268 3092 3358 (3—6.
3134 3271 3233 3337 10.
3261 3270 3356 3336 ed.
3383 3267 3662 3359 Vhlig.),
3709 3270 3779 3335 in
3813 3270 4009 3335 tertio
4048 3268 4493 3334 desideramus

772 3373 1371 3459 interpretationem
1417 3373 1971 3460 paragraphorum
2023 3375 2238 3441 1—13
2278 3373 2388 3462 (11
2421 3375 2603 3465 Vhl.)
2650 3381 2714 3443 et
2759 3377 3060 3444 dimidiae
3108 3382 3377 3464 quartae
3424 3376 3708 3443 decimae
3745 3374 3860 3462 (12
3887 3372 4087 3464 Vhl.).
4142 3373 4243 3441 De
4279 3376 4492 3461 primo

775 3484 1002 3567 agetur
1057 3480 1377 3566 capitibus
1428 3479 1498 3545 Π
1518 3516 1587 3529 -
1604 3478 1727 3564 1V;
1794 3480 2068 3546 alterum
2120 3486 2274 3568 post
2328 3483 2521 3549 finem
2574 3484 2764 3551 huius
2820 3484 3290 3551 dissertationis
3355 3484 3600 3570 publici
3654 3482 3814 3548 iuris
3871 3483 4133 3567 faciam3
4197 3503 4368 3548 nunc
4420 3483 4492 3547 in

771 3587 966 3653 tertio
1015 3587 1442 3672 versabimur,
1490 3588 1667 3652 cuius
1705 3588 2056 3671 particulas
2095 3609 2240 3655 cum
2277 3589 2631 3657 Bekkeru
2644 3614 2702 3676 s,
2749 3591 2917 3657 sicut
2959 3591 3155 3676 primi
3200 3589 3648 3657 commentarii
3691 3587 3997 3673 frustula,
4044 3589 4164 3655 sub
4213 3588 4493 3674 singulis

773 3695 932 3761 artis
977 3694 1304 3760 lemmatis
1351 3694 1487 3759 sine
1525 3693 1662 3759 ulla
1706 3693 1909 3760 fontis
1947 3696 2286 3762 notatione
2325 3697 2778 3784 disposuisset,
2821 3696 3261 3763 AdHartius
3308 3698 3377 3762 in
3405 3696 3640 3763 Annal.
3677 3696 3898 3782 philol.
3940 3696 4111 3762 1872
4144 3718 4207 3781 Ρ.
4234 3695 4365 3761 266
4396 3718 4490 3780 sq.

772 3800 1064 3886 inspecto
1101 3799 1584 3886 Hamburgensi
1616 3799 1810 3885 libro,
1849 3821 2168 3887 quaenam
2197 3803 2682 3888 explanationes
2710 3805 2860 3871 huic
2888 3805 3277 3871 scholiastae
3301 3803 3688 3869 tribuendae
3718 3807 3957 3889 essent,
3994 3802 4490 3888 diligentissime

773 3907 1098 3973 indicavit.
1111 3904 1162 3993 ¹)
1252 3905 1710 3991 Transcriptae
1757 3928 1868 3972 eae
1915 3911 2069 3974 sunt
2111 3908 2181 3972 in
2215 3907 2809 3997 Hamburgensem,
2855 3916 2930 3978 ut
2965 3902 3269 3997 Vhligius
3316 3910 3498 3994 vidit,
3542 3930 3620 3974 ex
3664 3907 3986 3974 Vaticano
4034 3908 4165 3974 240
4209 3907 4325 3974 fol.
4360 3908 4494 3974 361·

776 4013 1015 4078 —60r.
1060 4034 1179 4079 nec
1224 4012 1388 4078 latet
1431 4012 1601 4078 unde
1630 4012 2021 4079 Vaticanum
2060 4017 2386 4101 exemplar
2432 4017 2770 4084 oriundum
2818 4018 2922 4084 sit.
2993 4039 3138 4084 cum
3174 4018 3346 4083 enim
3391 4016 3498 4081 hic
3544 4015 3769 4099 codex,
3812 4015 4057 4100 pariter
4103 4017 4293 4099 atque
4339 4036 4491 4100 apo·

773 4118 1070 4206 graphon
1110 4118 1635 4205 Hamburgense,
1681 4121 2214 4188 commentarium
2258 4124 2353 4188 ita
2399 4124 2727 4211 exhibeat,
2773 4128 2846 4191 ut
2891 4125 3060 4190 desit
3104 4123 3446 4209 explicatio
3493 4144 3629 4188 non
3675 4123 3880 4188 solum
3929 4121 4488 4207 paragraphorum

771 4228 1060 4314 priorum
1106 4225 1441 4312 tredecim,
1487 4226 1598 4292 sed
1644 4227 1841 4293 etiam
1886 4227 2190 4295 dimidiae
2237 4234 2503 4315 quartae
2548 4231 2858 4316 decimae,
2905 4236 3104 4317 utque
3150 4231 3408 4297 initium
3458 4228 4013 4314 interpretationis
4057 4228 4488 4313 interruptum

774 4335 862 4399 sit
904 4333 1126 4399 multis
1173 4333 1402 4417 spatiis
1449 4335 1669 4400 vacuis
1715 4335 1985 4422 relictis,
2029 4336 2099 4400 in
2145 4358 2288 4403 eam
2334 4337 2523 4403 facile
2572 4338 2940 4424 opinionem
2986 4337 3386 4423 adducimur,
3439 4341 3514 4403 ut
3558 4338 3953 4423 descriptum
3997 4356 4143 4401 eum
4189 4340 4492 4420 putemus

773 4461 807 4505 e
854 4440 1047 4525 libro,
1103 4440 1283 4505 cuius
1337 4440 1552 4525 prima
1605 4441 1847 4527 pagina
1902 4442 2184 4509 difficilis
2239 4443 2437 4509 fuerit
2488 4444 2661 4511 lectu
2718 4446 3027 4534 cuiusque
3081 4468 3233 4530 pars
3287 4446 3498 4531 prima
3553 4445 3771 4532 aliquo
3817 4444 4202 4510 detrimento
4249 4443 4493 4509 amissa

772 4546 987 4613 fuerit.
1076 4545 1291 4631 Atque
1337 4547 1583 4631 primus
1621 4547 1987 4634 Vhligius
2034 4551 2397 4636 suspicatus
2454 4554 2580 4635 est,
2625 4552 2809 4617 illum
2853 4551 3228 4619 mutilatum
3274 4551 3511 4617 librum
3556 4573 3698 4617 esse
3744 4548 4294 4616 Baroccianum
4345 4549 4492 4628 116,

774 4675 966 4738 quam
1013 4652 1445 4718 coniecturam
1494 4674 1563 4718 se
1606 4676 1738 4721 non
1786 4655 2090 4721 fefellisse
2127 4656 2475 4744 intellexit,
2519 4664 2868 4745 postquam
2914 4657 3113 4725 codex
3150 4660 3411 4746 egregia
3451 4657 3833 4724 Oxoniensis
3869 4655 4299 4721 bibliothecae
4346 4677 4491 4741 pro·

774 4759 1088 4827 curatoris
1124 4758 1530 4846 benignitate
1566 4761 1637 4826 in
1674 4760 1841 4827 hanc
1876 4763 2103 4829 urbem
2139 4764 2559 4831 transmissus
2598 4770 2714 4832 est.
2777 4786 2881 4831 res
2921 4765 3225 4850 elucebit,
3272 4765 3326 4830 si
3364 4764 3835 4849 comparaveris
3872 4764 4129 4829 initium
4167 4783 4487 4828 commen-

772 4867 948 4952 tarii,
1003 4866 1190 4953 quale
1237 4864 1618 4933 Oxoniensis
1666 4869 1927 4935 exhibet
1935 4921 1952 4955 ,
2009 4892 2049 4935 a
2093 4891 2195 4935 me
2243 4871 2588 4957 diligenter
2633 4870 3025 4958 descriptum
3072 4895 3217 4940 cum
3273 4872 3498 4959 primis
3544 4872 3838 4938 versibus
3891 4870 4031 4937 folii
4078 4870 4208 4936 361
4253 4870 4492 4937 codicis

772 4972 1075 5039 Vaticani
1121 4994 1394 5058 quorum
1439 4976 1746 5042 notitiam
1791 4975 2059 5063 Vhligio
2105 4978 2323 5045 debeo.

1097 5152 1151 5219 1)
1190 5147 1345 5205 Idem
1383 5166 1715 5221 cognoscere
1752 5150 1954 5209 licebit
1991 5168 2057 5209 ex
2093 5152 2274 5209 indice
2313 5153 2651 5210 scholiorum
2690 5172 2854 5225 quem
2892 5155 2951 5211 in
2988 5156 3141 5212 calce
3176 5154 3340 5211 huius
3377 5154 3576 5225 capitis
3613 5153 3903 5213 exhibebo.
