4809 5959
2468 471 2901 535 -22-

2612 666 2754 732 IV.

2181 835 2280 891 De
2328 834 2619 903 Georgio
2666 838 2737 891 et
2780 835 3177 906 Pomm-rio.

1131 968 1276 1037 Duo
1313 971 1566 1035 restant
1602 967 2013 1054 grammatici
2048 966 2115 1033 in
2163 967 2429 1034 scholiis
2472 965 2775 1032 Vaticani
2818 968 2899 1032 14
2945 969 3290 1052 nominati,
3336 991 3611 1055 quorum
3655 974 3875 1036 tamen
3922 969 4186 1037 nomina
4221 972 4354 1033 tam
4393 989 4543 1034 raro

813 1077 1085 1164 singulis
1133 1075 1467 1160 particulis
1513 1074 1867 1158 praemissa
1902 1074 2233 1160 leguntur,
2279 1076 2353 1139 ut
2397 1094 2627 1158 parum
2672 1072 2929 1141 firmum
2975 1074 3328 1141 habeamus
3366 1075 3885 1160 fundamentum,
3932 1098 4059 1162 quo
4097 1074 4234 1140 nixi
4275 1096 4310 1139 e
4355 1074 4541 1140 scho-

811 1184 1045 1251 liorum
1087 1183 1384 1250 frustulis
1430 1181 1798 1247 etiamnunc
1837 1180 2164 1265 adespotis
2212 1179 2550 1245 continuas
2597 1179 3085 1264 explanationes
3123 1181 3385 1247 illorum
3430 1181 3865 1247 restituamus.
3938 1179 4257 1267 Georgii
4301 1202 4546 1246 nomen

811 1295 1040 1377 quater
1084 1295 1340 1365 tantum
1385 1288 1714 1355 invenitur
1758 1309 1875 1353 nec
1919 1287 2050 1353 nisi
2094 1288 2163 1352 in
2208 1286 2453 1352 ultimis
2501 1286 2749 1352 duabus
2795 1285 3257 1372 paragraphis,
3301 1290 3374 1353 ut
3415 1309 3575 1353 num
3617 1288 3688 1353 in
3733 1287 4056 1372 prioribus
4105 1308 4357 1373 quoque
4404 1288 4544 1353 eius

812 1398 974 1463 liber
1017 1397 1304 1463 adscitus
1350 1396 1439 1462 sit
1483 1394 1862 1461 nesciamus.
1952 1391 2110 1470 Quis
2155 1396 2373 1458 autem
2427 1392 2538 1459 ille
2584 1391 2902 1479 Georgius
2960 1396 3158 1476 esset,
3214 1393 3481 1461 dubium
3536 1412 3677 1460 esse
3731 1394 3864 1459 iam
3921 1416 4117 1479 supra
4163 1393 4546 1482 significavi.

812 1502 1331 1571 Choeroboscum
1383 1500 1676 1586 intellegi
1732 1499 1965 1565 debere
2030 1503 2095 1565 et
2150 1496 2423 1565 Har-tius
2488 1506 2556 1567 et
2609 1497 3246 1567 Hoerschelmannus
3305 1500 3554 1585 opinati
3619 1504 3786 1566 sunt.
3886 1497 4013 1566 Sed
4067 1500 4542 1567 dubitationem

812 1611 1115 1676 movebat
1160 1607 1330 1695 quod
1374 1628 1537 1697 quae
1584 1607 1703 1672 sub
1746 1608 2088 1693 Γεωργίου
2123 1606 2385 1671 nomine
2429 1605 2580 1690 940,
2623 1605 2887 1672 23-28
2935 1605 3013 1670 de
3050 1602 3410 1690 μεσότητος
3445 1606 3764 1672 adverbiis
3802 1605 4132 1690 docentur,
4175 1608 4554 1691 repugnant

813 1717 906 1785 eis
965 1738 1128 1802 quae
1173 1712 1594 1798 Heliodorus,
1649 1712 2081 1780 Choerobosci
2133 1713 2520 1798 pedisequus
2529 1764 2548 1797 ,
2608 1712 2766 1796 939,
2820 1711 2908 1777 20
2926 1713 3101 1779 -22
3153 1712 3488 1799 praecipit.
3589 1712 3954 1779 Accedebat
4005 1713 4446 1779 testimonium
4503 1734 4544 1776 a

815 1821 1314 1888 Wachsmuthio
1352 1842 1387 1886 e
1425 1820 1644 1887 codice
1671 1818 2117 1886 Vallicelliano
2156 1821 2574 1906 exscriptum,
2610 1820 2725 1887 ubi
2759 1819 3059 1905 legimus:
3101 1816 3505 1904 ἐξηγήσαπο
3544 1816 3620 1886 δὲ
3657 1817 3821 1907 (scil.
3857 1814 3981 1903 τὴν
4013 1818 4136 1884 τοῦ
4166 1822 4544 1885 Διονυσίου

816 1922 1307 2015 γραμματικὴν)
1343 1921 1755 2010 Ἡλιόδωρος
1796 1924 1906 1991 καὶ
1945 1922 2278 2012 Γειόργιός
2321 1951 2422 2004 τις
2463 1924 2574 1992 καὶ
2618 1921 3029 2010 πλατύτερον
3075 1919 3112 1991 ὁ
3152 1921 3621 2011 Χοιροβοσκός.
3691 1924 3832 1992 Iam
3878 1927 4152 1991 alterum
4190 1923 4545 2011 Georgium

812 2035 1118 2120 Dionysii
1153 2035 1571 2119 interpretem
1608 2033 2149 2119 circumspicienti
2176 2033 2337 2098 mihi
2368 2032 2648 2099 occurrit
2682 2030 3062 2117 Georgius
3100 2030 3504 2099 Curtesius
3542 2030 4016 2118 Scholariu83
4064 2033 4246 2099 cuius
4277 2032 4544 2098 librum:

812 2139 965 2224 περὶ
1010 2143 1359 2225 στοιχείων
1402 2136 1549 2226 ἤτοι
1595 2136 2032 2226 γραμμάτων,
2076 2140 2478 2227 προσφδιῶν
2522 2136 2635 2204 καὶ
2678 2138 2814 2204 τῶν
2861 2131 3030 2204 ὀκτὼ
3068 2139 3191 2204 τοῦ
3224 2133 3434 2222 λόγου
3469 2139 3722 2223 μερῶν,
3767 2134 3915 2223 ἤτοι
3954 2140 4048 2216 εἰς
4083 2132 4546 2223 γραμματικὴν

811 2244 1038 2331 πρώτη
1085 2243 1415 2331 εἰσαγωγή
1460 2247 1532 2312 in
1568 2247 2005 2332 compluribus
2044 2246 2227 2313 codd.
2273 2249 2598 2311 servatum
2647 2266 2788 2310 esse
2833 2242 3169 2311 Fabricius
3213 2244 3404 2311 docet
3447 2242 3646 2331 (Bibl.
3672 2243 3783 2312 Gr.
3811 2243 3907 2310 VI
3935 2266 3995 2330 p.
4025 2245 4158 2312 342
4189 2245 4287 2310 ed.
4314 2242 4544 2331 Harl.).

813 2354 913 2419 De
940 2353 1064 2419 hoc
1092 2353 1260 2419 libro
1275 2352 1513 2420 Wach
1527 2354 1907 2420 smuthius
1936 2357 2004 2419 et
2039 2352 2407 2439 Vhligius
2444 2352 2724 2439 benigne
2750 2351 2912 2416 haec
2938 2372 3189 2418 mecum
3223 2351 3800 2419 communicavere:
3839 2352 3909 2418 in
3936 2350 4073 2418 cod.
4090 2348 4543 2417 Vallicelliano

813 2459 867 2526 F
905 2461 989 2527 83
1036 2459 1335 2543 bombyc.
1382 2481 1545 2526 saec.
1591 2458 1715 2524 XV
1759 2460 2097 2546 leguntur:
2143 2460 2475 2543 γεωργίου
2519 2455 2842 2543 κουρτέση
2888 2458 3013 2523 τοῦ
3057 2459 3420 2542 σχολαρίου
3464 2454 3614 2541 περὶ
3660 2460 4009 2542 στοιχεάυν
4050 2451 4200 2541 ἤτοι
4245 2456 4544 2541 γραμμά-

812 2589 978 2650 των,
1031 2563 1181 2649 περὶ
1234 2566 1635 2654 προσφδιῶν
1687 2563 1797 2631 καὶ
1855 2566 1991 2631 τῶν
2048 2561 2218 2632 ὀκτῶ
2276 2565 2398 2630 τοῦ
2453 2560 2663 2649 λόγου
2716 2564 2971 2649 μερῶν,
3034 2558 3182 2647 ἤτοι
3239 2565 3333 2642 εἰς
3385 2560 3846 2650 γραμματικὴν
3908 2559 4134 2648 πρώτη
4195 2558 4546 2646 είσαγωγή.

816 2668 1096 2756 ἐξεδόθη
1144 2669 1219 2738 δὲ
1263 2675 1440 2763 φίλφ
1485 2670 1619 2739 τινὶ
1666 2671 2029 2757 αἰτήσαντι.
2066 2709 2153 2720 -
2197 2672 2347 2738 Τῶν
2392 2674 2739 2755 στοιχείων
2784 2663 2827 2735 ἃ
2865 2668 2977 2736 καὶ
3021 2667 3373 2756 γράμματα
3409 2669 3749 2756 λέγονται,
3795 2677 4003 2738 εἰκοσι
4043 2667 4153 2735 καὶ
4199 2665 4543 2754 τεσσάρων

817 2774 1034 2846 ὄντων
1080 2774 1202 2844 τόν
1246 2773 1573 2865 ἀριθμόν,
1628 2775 1982 2863 φωνήεντα
2037 2776 2161 2862 μέν
2205 2779 2335 2844 εἰσι
2388 2772 2470 2842 τὰ
2517 2774 2677 2843 ἑπτά
2721 2782 2857 2843 κτλ.
2946 2777 3177 2843 iisdem
3236 2779 3447 2845 verbis
3494 2778 3723 2864 incipit
3767 2777 3873 2844 hic
3926 2780 4245 2845 tractatus
4289 2777 4360 2842 in
4406 2775 4544 2842 cod.

815 2884 1249 2952 bibliothecae
1306 2884 1747 2972 Angelicanae
1794 2882 1844 2950 C
1891 2883 1962 2969 5,
2008 2884 2049 2951 3
2104 2884 2461 2969 praemisso
2515 2884 2707 2950 titulo
2762 2886 3103 2968 Γεωργίου
3157 2887 3518 2971 σχολαρίου
3571 2887 4337 2952 Κωνσταντινοπολίτου
4393 2880 4540 2968 περὶ

815 2993 953 3060 τῶν
1000 2985 1170 3058 ὀπτῶ
1225 2992 1451 3075 μερῶν
1503 2992 1626 3057 τοῦ
1671 2987 1881 3075 λόγου
1924 2993 2328 3077 προθεωρία.
2418 2985 2586 3073 πρὸς
2628 2984 2750 3056 τὸν
2793 2985 3373 3074 Σεβαστόπουλον.
3462 2991 3530 3057 in
3587 2990 3870 3057 eiusdem
3926 2989 4353 3056 bibliothecae
4408 2990 4542 3056 cod.

817 3100 879 3165 A
924 3100 995 3185 4,
1040 3099 1081 3166 3
1128 3099 1410 3185 itemque
1463 3099 1534 3163 in
1586 3098 1725 3164 cod.
1770 3097 1966 3164 Burb.
2013 3096 2215 3182 Neap.
2261 3096 2327 3163 11
2361 3095 2424 3161 D
2460 3099 2505 3163 4
2549 3096 2712 3163 haec
2767 3101 2871 3164 est
2923 3097 3289 3181 inscriptio:
3345 3097 3471 3163 τοῦ
3523 3093 3918 3182 σοφωτάτου
3970 3095 4080 3162 καὶ
4134 3094 4542 3180 λογιωτάτου

816 3208 1058 3289 κυρίου
1094 3207 1436 3288 Γεωργίου
1475 3203 1799 3289 κονρτέση
1835 3205 1960 3270 τοῦ
1995 3205 2358 3289 σχολαρίου
2392 3200 2544 3288 περὶ
2582 3206 2927 3289 στοιχείων
2972 3199 3119 3286 ἤτοι
3155 3201 3592 3289 γραμμάτων,
3637 3203 3787 3288 περὶ
3824 3204 4227 3292 προσφδιῶν
4261 3202 4374 3269 καὶ
4410 3204 4542 3271 τῶν

819 3307 988 3377 ὀκτὼ
1036 3312 1157 3377 τοῦ
1202 3308 1411 3395 λόγου
1447 3311 1695 3396 μερῶν,
1739 3305 1954 3394 ἤγουν
1999 3312 2092 3388 εἰς
2128 3307 2589 3396 γραμματικὴν
2628 3306 2957 3395 εἰσαγωγὴ
2996 3305 3242 3395 πρω’τη.
3315 3310 3590 3396 denique
3625 3310 3785 3378 haec
3823 3332 3858 3377 e
3900 3311 4035 3377 cod.
4072 3311 4303 3398 Angel.
4332 3309 4383 3377 G
4412 3310 4474 3395 5,
4502 3311 4542 3376 3

820 3418 1161 3501 exscripsit
1204 3416 1605 3504 Vhligius:
1676 3416 2058 3484 «Tractatus
2103 3415 2254 3503 περὶ
2301 3419 2648 3503 στοιχείων
2694 3416 2925 3482 ultima
2970 3417 3166 3482 verba
3211 3421 3365 3483 sunt
3414 3453 3489 3464 -
3539 3411 3689 3482 ἀντὶ
3746 3413 3946 3502 φύσει
3991 3417 4251 3502 μακροῦ
4295 3418 4544 3500 λαμβα·

819 3520 1127 3608 νόμενον.
1200 3522 1362 3590 Tum
1408 3531 1628 3608 τμῆμα
1671 3520 1753 3606 β’.
1826 3521 1996 3607 Περὶ
2030 3524 2450 3610 προσφδιῶν.
2500 3523 2895 3612 Προσωδίαι
2933 3520 3013 3589 δέ
3045 3524 3174 3588 εἰσι
3212 3524 3532 3608 στίγματα
3577 3523 3830 3608 φωνῶν
3867 3519 4271 3607 διακριτικά,
4319 3517 4411 3587 δι’
4446 3510 4546 3588 ῶν

818 3625 862 3715 ἥ
907 3654 976 3697 τε
1021 3630 1138 3713 τῆς
1182 3627 1415 3708 λέξεως
1458 3624 1823 3715 ἀπαγγελία
1867 3626 2028 3696 ποιά
2072 3653 2172 3709 τις
2216 3631 2470 3713 γίνεται
2514 3628 2626 3695 καὶ
2671 3625 2871 3714 λόγος
2915 3624 3072 3707 ὅλος
3116 3623 3507 3715 ἇρμόττεται
3551 3634 3687 3695 κτλ.
3761 3651 3961 3716 usque
4009 3629 4089 3695 ad
4136 3667 4218 3677 —
4265 3622 4545 3695 ὑποδια-

820 3732 1020 3822 στολὴ
1061 3734 1143 3806 δέ
1181 3734 1317 3802 ἐστι
1355 3746 1632 3821 σημεῖον
1669 3730 2098 3803 άναποδότου
2133 3735 2243 3803 καὶ
2290 3735 2715 3821 έκτεταμένης
2751 3734 2854 3802 ἐπὶ
2901 3734 3107 3802 πλέον
3154 3734 3445 3821 ἐννοίας,
3490 3730 3934 3822 ἠρεμαστικὸν
3968 3734 4080 3802 καὶ
4120 3736 4542 3802 διαναπαῦον

818 3839 981 3928 ἡμῖν
1026 3839 1148 3909 τὸν
1191 3844 1364 3908 νοῦν
1407 3837 1544 3926 ἅμα
1587 3840 1698 3907 καὶ
1743 3838 1867 3926 τὴν
1914 3840 2175 3928 φωνήν.
2244 3843 2495 3909 Deinde
2542 3841 2711 3928 Περὶ
2756 3850 2890 3909 τῶν
2936 3838 3105 3909 ὀκτώ
3151 3843 3274 3909 τοῦ
3320 3840 3528 3928 λόγου
3572 3843 3812 3928 μερῶν.
3893 3839 4115 3927 Λόγος
4158 3840 4294 3908 ἐστὶ
4331 3843 4547 3922 πεζῶν

819 3942 862 4034 ἢ
912 3947 1249 4035 ἐμμέτρων
1294 3947 1537 4028 λέξεων
1584 3945 1905 4027 σύνθεσις
1948 3946 2261 4015 διάνοιαν
2299 3944 2616 4035 αὐτοτελῆ
2656 3949 2953 4034 δηλοῦσα
2990 3946 3080 4035 (Α
3117 3951 3180 4033 4,
3216 3950 3258 4016 3
3297 3953 3543 4015 autem:
3588 3946 3788 4033 λόγος
3824 3947 3961 4015 ἐστὶ
3998 3948 4241 4028 λέξεων
4275 3950 4544 4015 πολλῶν

821 4047 864 4140 ἢ
902 4051 1026 4122 δύο
1063 4050 1503 4140 τούλάχιστον
1538 4051 1860 4134 σύνθεσις
1897 4057 1953 4121 δ.
1992 4050 2099 4121 αὐ.
2138 4055 2242 4141 δ.).
2318 4055 2681 4142 Diligenter
2726 4056 3067 4141 exponitur
3103 4057 3180 4122 de
3218 4056 3648 4123 declinatione
3687 4060 3753 4122 et
3788 4055 4245 4142 coniugatione
4282 4055 4543 4121 minori-

821 4163 1071 4247 busque
1118 4162 1428 4228 orationis
1474 4162 1768 4247 partibus
1815 4184 2015 4247 usque
2071 4162 2153 4227 ad
2207 4160 2625 4247 συνδέσμους
2679 4160 3278 4247 ἐναντιωματικούς
3323 4199 3411 4209 -
3447 4157 3622 4240 *τοὺς
3677 4163 4050 4247 δηλοῦντας
4105 4158 4420 4246 δηλονότι
4466 4157 4541 4227 τὸ

823 4266 1135 4334 ἐναντίον
1179 4268 1258 4353 τῇ
1297 4264 1601 4353 δυνάμει,
1623 4268 1763 4334 τοῦ·
1788 4265 2219 4354 πράγματος.»
2311 4267 2499 4334 Hanc
2546 4268 2624 4334 de
2670 4269 2983 4335 orationis
3037 4270 3334 4354 partibus
3382 4269 3850 4354 expositionem
3896 4269 4006 4354 qui
4051 4290 4196 4334 cum
4244 4270 4544 4354 explma-

822 4374 1110 4441 tiom‘bus
1155 4373 1226 4439 in
1271 4373 1590 4441 Vaticano
1643 4376 1725 4440 14
1771 4376 1890 4441 sub
1937 4375 2279 4459 Γεωργίου
2321 4375 2581 4441 nomine
2638 4377 2908 4441 servatis
2956 4372 3145 4462 (940,
3190 4376 3471 4443 23-28.
3516 4377 3675 4460 961,
3720 4376 4057 4459 27-962,
4107 4375 4207 4442 16.
4252 4374 4410 4456 966,
4462 4377 4540 4441 17

823 4480 1028 4546 -29,
1071 4480 1231 4564 972,
1271 4481 1445 4545 10-
1467 4481 1577 4567 16)
1618 4482 1989 4567 contulerit,
2033 4481 2437 4565 diiudicabit,
2483 4483 2738 4568 opinor,
2790 4505 2948 4550 num
2991 4483 3129 4549 illic
3176 4479 3458 4549 Curtesii
3501 4504 3737 4549 nomen
3785 4482 3976 4549 simul
4018 4482 4402 4548 audiendum
4441 4483 4543 4548 sit.

1143 4585 1282 4653 Nec
1316 4588 1538 4653 ‘minus
1585 4588 1852 4655 dubium
1899 4588 2043 4676 quis
2081 4588 2246 4653 alter
2281 4588 2369 4654 sit
2405 4590 2754 4675 interpres,
2800 4590 2981 4656 cuius
3018 4610 3254 4656 nomen
3288 4590 3514 4675 paucis
3551 4589 3712 4656 locis
3749 4588 3819 4654 in
3844 4586 3993 4654 Vat.
4027 4589 4111 4655 14
4147 4588 4541 4673 adscriptum

825 4696 951 4778 est,
996 4691 1487 4778 Porphyrius.
1561 4693 1971 4762 Platonicum
2017 4694 2190 4760 enim
2228 4693 2426 4761 fuisse
2470 4696 2608 4761 iure
2652 4699 2852 4781 negat
2887 4682 3522 4765 Hoerschelmannus
3559 4694 3602 4761 l.
3636 4696 3679 4760 l.
3716 4717 3777 4779 p.
3818 4695 3904 4760 74
3939 4696 4008 4760 et
4034 4693 4176 4760 Act.
4215 4715 4343 4761 soc.
4369 4694 4540 4778 Lips.

823 4797 886 4864 V
923 4821 984 4884 p.
1020 4798 1172 4865 298.
1261 4796 1453 4865 Hunc
1497 4798 1931 4884 Porphyrium
1964 4799 2464 4886 Dionysianum,
2511 4803 2805 4888 quamvis
2851 4823 3027 4887 raro,
3082 4824 3198 4887 per
3253 4806 3463 4870 totum
3507 4805 3730 4866 tamen
3784 4801 4178 4869 scholiorum
4226 4801 4541 4867 ambitum

826 4906 1233 4971 nominatum
1277 4904 1641 4971 invenimus
1687 4901 1865 4992 (757,
1906 4907 2014 4993 13;
2065 4906 2219 4991 769,
2253 4907 2323 4990 43
2370 4908 2528 4991 846,
2573 4909 2642 4992 43
2691 4908 2841 4991 847,
2890 4909 2997 4990 17;
3045 4908 3203 4993 951,
3257 4905 3387 4994 13).
3457 4907 3687 4974 Totius
3724 4908 3926 4995 igitur
3960 4908 4119 4973 artis
4158 4908 4542 4993 interpreta-

825 5010 1071 5078 tionem
1105 5011 1281 5077 haud
1313 5011 1504 5077 dubie
1532 5012 1939 5097 conscripsit,
1976 5034 2011 5078 e
2049 5034 2176 5098 qua
2211 5014 2568 5098 particulae
2605 5015 2758 5082 illae
2783 5015 2851 5081 in
2881 5014 3273 5081 scholiorum
3301 5014 3745 5081 collectionem
3772 5017 4069 5100 receptae
4098 5018 4263 5081 sunt.
4329 5014 4543 5098 Atque

826 5116 897 5182 in
922 5118 1244 5201 prioribus
1283 5119 1541 5205 quidem
1597 5118 1905 5185 tredecim
1957 5119 2384 5206 paragraphis
2431 5125 2687 5205 praeter
2730 5122 2856 5188 duo
2909 5120 3187 5187 frustula
3233 5141 3398 5206 quae
3444 5121 3504 5186 ei
3548 5120 3999 5186 adscribuntur
4043 5143 4200 5186 num
4247 5120 4436 5205 plura
4483 5120 4548 5186 ei
