4809 5959
2452 430 2889 546 ‚324

803 654 930 745 γὰρ
977 654 1340 745 ἅνθρωπος
1386 655 1600 746 ὄνομα
1648 655 1884 725 κοινόν
1928 656 2062 724 ἐστι
2098 653 2370 724 πάντων
2404 658 2540 723 τῶν
2575 652 2987 742 ἀνθρώπων·
3035 652 3283 743 ὁμοίως
3317 656 3426 723 καὶ
3465 654 3537 725 τὸ
3577 660 3773 737 ἵππος
3807 655 4081 733 πάντων
4116 658 4252 724 τῶν
4289 658 4528 723 ἳππων.

803 760 1053 843 «Ἰδίως
1099 763 1173 832 δὲ
1229 759 1377 832 οἷον
1426 762 1921 850 Σωκράτης»·
1988 755 2083 842 εἷς
2134 764 2262 850 γὰρ
2317 765 2454 831 τῶν
2508 758 2895 849 ἀνθρώπων
2951 761 3134 831 ἐστὶν
3187 759 3224 830 6
3272 763 3660 853 Σωκράτης,
3715 764 3826 832 καὶ
3875 760 4129 842 Λευκὸς
4181 765 4378 840 ἵππος
4433 755 4529 839 εἷς

801 869 1069 939 πάντων
1112 874 1247 939 τῶν
1293 874 1514 939 ἵππων
1560 871 1758 939 ἐστίν.
1831 871 2249 955 «Παρέπεται
2297 869 2372 937 δὲ
2410 872 2501 960 τῷ
2537 865 2820 956 ὀνόματι
2855 869 3110 937 πέντε».
3184 876 3365 936 Ποῖα
3399 872 3638 949 ταῦτα;
3687 871 3939 956 «Γένη,
3984 872 4163 955 εἰδη,
4209 866 4530 956 σχήματα,

802 972 1094 1066 ἀριθμοί
1095 1028 1116 1063 ,
1170 974 1513 1057 πτῶσεις>·
1569 974 1996 1063 παρεπόμενα
2050 975 2125 1042 δὲ
2181 976 2491 1061 λέγονται
2546 972 2660 1042 διὰ
2711 973 2790 1042 τὸ
2843 978 3131 1060 πλησίον
3184 971 3353 1043 αὐτὰ
3400 975 3678 1044 ἕπεσθαι
3732 979 3858 1044 τοῦ
3903 971 4256 1063 ὀνόματος·
4311 969 4353 1060 ἡ
4400 970 4530 1059 γὰρ

732 1102 764 1152 5
801 1108 901 1151 πα
919 1082 1013 1170 ρά
1058 1082 1384 1168 πρόθεσις
1416 1081 1595 1171 παρὰ
1631 1096 1771 1163 τοῖς
1806 1092 2285 1170 γραμματικοῖς
2326 1078 2751 1170 πλησιασμὸν
2787 1084 3112 1168 σημαίνει.
3186 1081 3402 1168 «Γένη
3448 1080 3572 1168 μὲν
3621 1075 3747 1153 οὖν
3785 1087 3914 1152 εἰσι
3949 1087 4126 1172 τρία,
4173 1077 4531 1167 ἀρσενικὸν

800 1186 1105 1278 θηλυκὸν
1151 1187 1529 1276 οὐδέτερον·
1577 1195 1747 1258 ἔνιοι
1796 1188 1871 1258 δὲ
1916 1191 2355 1276 προστιθέασι
2401 1186 2667 1267 τούτοις
2709 1184 2881 1254 ἄλλα
2926 1185 3086 1270 δύο,
3140 1189 3378 1257 κοινόν
3429 1213 3499 1257 τε
3543 1190 3654 1257 καὶ
3700 1192 4073 1273 ἐπίκοινον,
4125 1185 4361 1257 κοινὸν
4406 1185 4533 1273 μὲν

805 1290 954 1364 οἷον
999 1293 1423 1383 ἅνθρωπος
1466 1300 1726 1382 ἵππος,
1775 1298 2115 1365 ἐπίκοινον
2162 1294 2235 1363 δὲ
2283 1288 2434 1363 οἷον
2480 1291 2814 1381 χελιδὼν
2859 1290 3142 1372 ἀετός».
3219 1288 3604 1381 Ἀρσενικοῦ
3647 1297 3887 1382 γένους
3931 1295 4112 1364 ἐστὶν
4159 1291 4397 1381 ὄνομα,
4444 1283 4531 1363 οὗ

801 1400 943 1470 κατ’
995 1398 1273 1470 εὐθεῖαν
1315 1403 1428 1471 καὶ
1475 1401 1706 1491 ἑνικὴν
1749 1406 2003 1472 πτῶσιν
2037 1414 2425 1490 προηγεῖται
2462 1398 2728 1489 ἄρθρον
2761 1396 2837 1467 τὸ
2884 1395 2954 1484 6,
3002 1393 3150 1467 οἷον
3197 1396 3234 1469 6
3277 1399 3495 1483 θεός,
3541 1398 3578 1469 6
3625 1399 3984 1488 ἄγγελος,
4031 1397 4068 1469 6
4106 1398 4534 1487 ἅνθρωπος

801 1508 912 1575 καὶ
960 1507 1040 1576 τὰ
1084 1512 1377 1577 τοιαῦτα.
1469 1511 1779 1596 Θηλυκοῦ
1827 1508 1901 1577 δὲ
1949 1510 2188 1595 γένους
2234 1507 2418 1576 ἐστὶν
2462 1504 2708 1594 ὄνομα,
2765 1496 2848 1573 οὗ
2889 1503 3037 1574 κατ’
3088 1503 3368 1576 εὐθεῖαν
3411 1508 3522 1576 καὶ
3570 1507 3801 1596 ἑνικὴν
3849 1511 4102 1579 πτῶσιν
4146 1520 4532 1595 προηγεῖται

700 1635 768 1686 10
802 1612 1071 1701 ἄρθρον
1125 1612 1201 1682 τὸ
1262 1610 1338 1702 ἦ,
1399 1611 1548 1683 οἶον
1601 1612 1644 1701 ἡ
1700 1614 1933 1701 γυνή,
1987 1612 2028 1702 ἡ
2085 1619 2353 1702 σοφία,
2413 1610 2455 1700 ἡ
2511 1611 2736 1691 πόλις
2787 1612 2897 1681 καὶ
2949 1610 3030 1681 τὰ
3073 1616 3365 1683 τοιαῦτα.
3458 1610 3835 1701 Οὖδετέρου
3890 1615 4126 1701 γένους
4180 1612 4391 1697 ἐστίν,
4448 1603 4533 1681 οὗ

805 1717 950 1788 κατ’
1002 1716 1279 1789 εὐθεῖαν
1325 1721 1435 1787 καὶ
1484 1720 1715 1808 ἑνικὴν
1760 1724 2015 1789 πτῶσιν
2058 1733 2443 1808 προηγεῖται
2490 1716 2754 1805 ἄρθρον
2799 1717 2874 1787 τὸ
2920 1718 3037 1804 τό,
3085 1712 3237 1788 οἷον
3283 1718 3366 1789 τὸ
3414 1723 3595 1808 φῶς,
3642 1719 3726 1789 τὸ
3772 1719 4019 1809 ὕδωρ,
4064 1717 4149 1790 τὸ
4196 1721 4371 1807 μέλι
4416 1720 4528 1787 καὶ

800 1825 881 1894 τὰ
926 1830 1217 1896 τοιαῦτα.
1300 1831 1596 1896 Γίνωσκε
1643 1825 1718 1895 δὲ
1762 1825 1865 1897 ὅτι
1910 1825 2145 1897 κοινὸν
2190 1823 2407 1915 ὄνομά
2454 1826 2588 1893 έστι
2632 1823 2708 1895 τὸ
2756 1824 2869 1894 διὰ
2916 1825 3040 1894 δύο
3089 1824 3374 1914 ἄρθρων
3416 1840 3752 1915 σημαῖνον
3803 1828 3879 1897 τό
3925 1853 3996 1897 τε
4040 1825 4248 1914 ἄρρεν
4292 1827 4402 1894 καὶ
4449 1824 4526 1894 τὸ

802 1936 1014 2020 θῆλυ,
1064 1927 1212 2001 οἷον
1257 1929 1296 2000 6
1344 1936 1577 2014 ἵππος
1622 1933 1731 2001 καὶ
1776 1931 1819 2021 ἡ
1867 1937 2120 2015 ἵππος·
2186 1930 2434 2020 ὁμοίως
2487 1931 2562 2000 δὲ
2606 1932 2716 1999 καὶ
2763 1929 2800 2000 6
2846 1932 3057 2001 κύων
3111 1933 3222 2001 καὶ
3278 1930 3319 2021 ἡ
3375 1932 3604 2003 κύων.
3690 1931 4072 2003 Ἐπίκοινον
4127 1932 4345 2021 ὄνομά
4392 1933 4531 2002 ἐστι

802 2040 877 2108 τὸ
926 2038 1016 2108 δι’
1070 2038 1221 2120 ἑνὸς
1266 2037 1533 2128 ἄρθρου
1578 2052 1911 2128 σημαῖνον
1956 2039 2034 2108 τό
2078 2066 2147 2108 τε
2202 2037 2408 2126 ἄρσεν
2463 2039 2574 2106 καὶ
2618 2037 2694 2107 τὸ
2739 2042 2952 2126 θῆλυ,
3010 2034 3159 2109 οἷον
3216 2037 3252 2109 6
3310 2038 3535 2121 άετὸς
3587 2042 3893 2128 λέγοντες
3948 2037 4033 2110 οὗ
4086 2042 4366 2128 λέγομεν
4418 2039 4528 2106 καὶ

580 2217 591 2225 ,
699 2142 845 2233 ιδῆ
891 2144 1145 2231 ἀετός,
1192 2142 1360 2213 ἀλλὰ
1404 2145 1623 2233 μόνον
1668 2144 1704 2215 6
1752 2142 2003 2227 ἀετός·
2052 2144 2262 2226 οὕτως
2302 2146 2416 2213 καὶ
2464 2141 2500 2213 6
2545 2146 2783 2231 κόραξ
2827 2148 2938 2214 καὶ
2987 2143 3024 2215 6
3073 2148 3350 2235 πέρδιξ
3393 2147 3504 2215 καὶ
3549 2146 3630 2216 τὰ
3677 2145 3898 2235 ὅμοια·
3945 2148 4056 2216 καὶ
4102 2144 4143 2233 ἡ
4193 2143 4529 2234 χελιδὼν

803 2252 1106 2339 λέγοντες
1150 2248 1234 2320 οὐ
1278 2253 1557 2340 λέγομεν
1603 2252 1709 2319 καὶ
1762 2250 1797 2321 6
1846 2251 2221 2340 χελιδών,
2269 2249 2438 2319 ἀλλὰ
2483 2249 2701 2338 μόνον
2743 2248 2785 2338 ἡ
2832 2252 3168 2339 χελιδὼν
3213 2251 3326 2323 διὰ
3370 2257 3492 2323 τοῦ
3539 2253 3691 2334 ἑνὸς
3735 2252 4026 2343 ἄρθρου·
4075 2250 4287 2333 οὕτως
4331 2251 4441 2320 καὶ
4488 2248 4526 2337 ἦ

804 2358 1230 2446 περιστερὰ
1277 2359 1387 2426 καὶ
1433 2355 1474 2446 ἡ
1521 2356 1836 2446 τρυγὼν
1880 2359 1991 2428 καὶ
2035 2358 2117 2427 τά
2161 2361 2453 2427 τοιαῦτα.

1124 2468 1337 2553 «Εἰδη
1386 2463 1544 2551 δύο,
1589 2465 2025 2552 πρωτότυπον
2070 2466 2180 2533 καὶ
2225 2463 2702 2552 παράγωγον»·
2751 2465 3188 2552 πρωτότυπον
3233 2466 3357 2555 μὲν
3395 2462 3545 2536 οἷον
3590 2466 3961 2556 οὐρανός,
4005 2465 4411 2554 παράγωγον
4457 2465 4528 2533 δὲ

807 2564 956 2640 οἷον
1003 2569 1404 2659 οὐράνιος·
1460 2570 1709 2660 ὁμοίως
1752 2573 1860 2640 καὶ
1908 2569 1949 2658 v‘,
1997 2576 2089 2659 γῆ
2136 2570 2565 2661 πρωτότυπος
2609 2572 2897 2658 λέγεται,
2952 2571 3358 2660 παράγωγον
3404 2573 3479 2642 δὲ
3526 2568 3675 2643 οἷον
3720 2573 4014 2660 γήϊνος.
4106 2574 4409 2661 Λέγομεν
4456 2572 4529 2640 δὲ

699 2700 769 2751 20
803 2677 916 2745 καὶ
964 2678 1067 2745 ἐπὶ
1114 2683 1350 2767 χωρῶν
1397 2679 1506 2746 καὶ
1551 2677 1846 2759 πόλεων,
1892 2683 2129 2768 χωρῶν
2175 2679 2300 2767 μὲν
2343 2677 2781 2765 πρωτότυπον
2821 2675 3059 2762 Ἀσία,
3115 2677 3520 2768 παράγωγον
3569 2678 3644 2746 δὲ
3685 2676 4067 2760 Ἀσιανός·
4131 2676 4378 2765 ὁμοίως
4421 2678 4528 2746 καὶ

798 2780 1116 2872 Ἀφρικη
1171 2783 1611 2872 πρωτότυπον
1677 2784 1894 2873 ὄνομα
1957 2787 2204 2873 χώρας,
2267 2783 2673 2872 παράγωγον
2727 2785 2803 2853 δὲ
2863 2781 3348 2874 Ἀφρικανός.
3431 2783 3574 2855 Ἐπὶ
3644 2785 3906 2855 πόλεων
3966 2785 4042 2855 δὲ
4094 2783 4528 2873 πρωτότυπον

805 2887 1020 2978 ὄνομα
1067 2885 1215 2959 οἷον
1251 2888 1525 2980 Ῥῶμη,
1580 2891 1986 2978 παράγωγον
2034 2893 2108 2962 δὲ
2157 2886 2307 2961 οἷον
2342 2887 2751 2978 Ῥωμαῖος,
2801 2888 3123 2978 Ἀθῆναι
3180 2891 3290 2958 καὶ
3330 2889 3778 2979 Ἀθηναῖος,
3828 2888 4376 2979 Ἀλεξάνδρεια
4422 2890 4527 2957 καὶ

799 2988 1385 3085 Ἀλεξανδρεύς,
1441 2997 1853 3085 Σαμάρεια
1907 2999 2018 3067 καὶ
2073 3004 2602 3086 Σαμαρείτης,
2658 2996 3081 3085 Πάνορμος
3133 2997 3245 3065 καὶ
3301 3003 3828 3086 Πανορμίτης.
3927 3002 4143 3084 «Εἰδη
4200 2996 4275 3066 δὲ
4327 3021 4530 3083 παρα·

804 3103 1046 3190 γῶγων
1094 3104 1278 3172 ἐστὶν
1312 3104 1502 3190 ἑπτά,
1547 3105 2093 3193 πατρωνυμικόν,
2132 3104 2476 3193 κτητικόν,
2514 3103 2972 3191 συγκριτικόν,
3011 3101 3482 3191 ὑπερθετικόν,
3518 3101 4065 3193 ὑποκοριστικόν,
4101 3103 4530 3192 παρώνυμον,

700 3233 770 3283 25
806 3210 1192 3298 ῥηματικόν.
1284 3210 1821 3300 Πατρωνυμικὸν
1871 3211 1998 3299 μὲν
2053 3204 2181 3281 οὖν
2237 3212 2375 3281 ἐστι
2439 3211 2515 3281 τὸ
2572 3217 2819 3299 κυρίως
2872 3208 3001 3301 άπὸ
3056 3209 3302 3299 πατρὸς
3349 3213 3942 3301 ἐσχηματισμένον,
4005 3213 4533 3299 καταχρηστικῶς

807 3316 882 3385 δὲ
917 3318 1027 3384 καὶ
1063 3319 1139 3386 τὸ
1178 3316 1309 3387 ἀπὸ
1347 3316 1736 3404 προγόνων,
1784 3311 1932 3387 οἷον
1977 3321 2376 3405 Πηλείδης
2423 3321 2808 3405 Αἰακίδης
2845 3317 2881 3387 6
2924 3315 3381 3406 Ἀχιλλεύς».
3465 3324 3762 3388 Γίνωσκε
3809 3318 3885 3386 δὲ
3923 3316 4026 3387 ὅτι
4065 3315 4101 3387 6
4143 3315 4534 3405 Ἀχιλλεὺς

806 3424 1062 3510 λέγεται
1100 3424 1208 3491 καὶ
1248 3428 1651 3511 Πηλείδης
1684 3423 1794 3492 καὶ
1833 3428 2221 3512 Αἰακίδης
2255 3428 2803 3511 πατρωνυμικῶς·
2851 3427 2923 3494 ἐκ
2959 3424 3081 3513 μὲν
3109 3428 3233 3493 τοῦ
3260 3425 3583 3512 Πηλέως
3616 3429 3740 3493 τοῦ
3778 3428 3959 3494 ἰδίου
3993 3423 4241 3513 πατρὸς
4276 3426 4534 3511 λέγεται

807 3533 1237 3617 Πηλείδης,
1292 3531 1364 3598 ἐκ
1410 3529 1484 3598 δὲ
1530 3536 1652 3599 τοῦ
1703 3530 2010 3600 Αἰάκου
2054 3535 2178 3600 τοῦ
2225 3534 2408 3600 ἰδίου
2452 3528 2724 3599 πάππου
2767 3533 3022 3618 λέγεται
3072 3536 3475 3620 Αἰακίδης.
3573 3533 3834 3602 «Ῥύποι
3891 3533 3966 3602 δὲ
4011 3536 4147 3602 τῶν
4190 3534 4534 3619 πατρωνυ-

806 3640 1021 3725 μικῶν
1065 3634 1436 3725 ἄρσενικῶν
1470 3637 1594 3723 μὲν
1639 3650 1845 3723 τρεῖς,
1893 3639 1934 3706 ό
1983 3642 2077 3719 εἰς
2122 3641 2260 3725 δης
2294 3638 2404 3704 καὶ
2444 3635 2480 3705 6
2520 3642 2617 3717 εἰς
2652 3664 2788 3725 ων,
2834 3638 2942 3711 καὶ
2991 3635 3027 3706 6
3068 3643 3164 3719 εἰς
3211 3641 3469 3723 αδιος,
3517 3634 3667 3707 οἷον
3707 3635 4101 3725 Ἀτρείδης
4141 3636 4533 3725 Ἀτρείων,

702 3767 772 3817 30
805 3744 915 3812 καὶ
964 3741 1000 3811 6
1047 3745 1184 3811 τῶν
1230 3745 1534 3812 Αἰολέων
1579 3745 1752 3824 ἴδιος
1795 3744 1999 3824 τύπος
2035 3742 2470 3833 ’Υρράδιος
2499 3742 2710 3832 “Toou
2745 3743 2879 3832 γὰρ
2916 3758 3070 3824 παῖς
3115 3743 3503 3825 Πιττακός».
3575 3747 3857 3831 Πρῶτος
3899 3744 4105 3825 τύπος
4142 3743 4177 3813 6
4223 3749 4318 3824 εἰς
4363 3748 4405 3812 δ
4416 3772 4538 3830 ης,

809 3842 960 3918 οἷον
993 3854 1413 3937 Πηλείδης·
1463 3849 1769 3935 δεύτερος
1795 3848 1998 3931 τύπος
2035 3847 2070 3919 6
2111 3854 2204 3931 εἰς
2239 3877 2379 3936 ων,
2419 3846 2567 3919 οἷον
2605 3856 2995 3939 Πηλείων·
3041 3855 3261 3938 τρίτος
3296 3849 3501 3932 τύπος
3539 3849 3575 3919 6
3616 3855 3711 3930 εἰς
3747 3855 4003 3934 αδιος,
4050 3844 4199 3919 οἷον
4244 3857 4536 3937 Πηλει-

1128 4010 1358 4067 DISOR.
1399 4009 1548 4066 SCR..
1585 4009 1669 4064 IN
1707 4009 1988 4065 LHRKP
2036 4011 2067 4063 1
2108 4009 2305 4065 κοινὸν
2340 4007 2427 4066 ὄν.
2456 4010 2586 4066 RK
2612 4014 2620 4081 Ι
2652 4007 2858 4082 ὁμοίως
2894 4043 2964 4053 -
3003 4007 3155 4067 ἐστὶν
3191 4006 3222 4066 6
3260 4014 3445 4080 Σοκρ.
3480 4029 3590 4068 om.
3627 4013 3692 4067 K
3719 4014 3730 4080 Ι
3762 4012 3931 4074 ἵππος
3966 4008 4163 4067 κοινὸν
4197 4006 4380 4081 ὄνομά
4419 4006 4537 4066 ἐστι

808 4095 1038 4154 πάντων
1064 4100 1190 4155 RP
1221 4102 1242 4169 Ι
1277 4100 1314 4155 2
1350 4102 1535 4169 Σωκρ.
1575 4094 1832 4155 Πλάτων.
1871 4097 1953 4161 εἷς
1990 4095 2098 4168 γάρ
2136 4094 2251 4154 ἐστι
2287 4095 2516 4154 πάντων
2552 4119 2602 4154 τ.
2637 4094 2806 4169 άνθρ.
2846 4096 2972 4156 ἐπεὶ
3008 4100 3105 4155 καὶ
3143 4107 3206 4156 Α.
3243 4101 3324 4155 fvt.
3360 4099 3416 4156 B
3466 4105 3475 4170 Ι
3524 4097 3728 4171 ὁμοίως
3764 4100 3865 4155 καὶ
3900 4105 4071 4155 Αευκ.
4113 4104 4181 4155 Η.
4227 4102 4239 4170 Ι
4286 4098 4371 4164 εἷς
4403 4102 4541 4170 poet

810 4189 996 4242 ἵππων
1032 4192 1169 4260 trop.
1210 4190 1278 4244 H
1312 4192 1333 4259 u
1376 4189 1414 4245 4
1453 4187 1719 4260 ἕπεσθαι]
1771 4186 2007 4244 ἔσεσθαι
2043 4188 2096 4243 L
2148 4184 2297 4243 εἶναι
2334 4189 2403 4242 Η
2433 4192 2438 4197 '
2484 4189 2524 4244 6
2560 4188 2658 4244 καὶ
2694 4184 2819 4246 ούδ.
2857 4190 2924 4245 Η
2930 4190 2987 4245 Ρ
3022 4192 3032 4259 Ι
3073 4185 3317 4262 τούτοις]
3357 4189 3454 4245 καὶ
3492 4190 3547 4243 P
3583 4191 3604 4258 Ι
3650 4189 3679 4245 7
3720 4184 3886 4252 άετὸς
3924 4184 4173 4259 χελιδών.
4227 4185 4540 4258 Ἀρσενικὸν

808 4276 974 4345 γένος
1017 4276 1072 4330 Ρ
1094 4279 1114 4346 ΙΙ
1140 4277 1177 4332 9
1214 4278 1471 4348 τοιαῦτα]
1514 4270 1683 4347 ὅμοια
1723 4276 1788 4330 K
1813 4280 1821 4341 Ι
1850 4274 2110 4344 θηλυκὸν
2145 4275 2210 4331 δὲ
2251 4274 2415 4345 γένος
2445 4276 2503 4330 Ρ
2538 4277 2546 4347 Ι
2591 4272 2741 4333 ἐστιν’
2776 4296 2886 4334 om.
2921 4280 2989 4333 K
2997 4278 3090 4349 ΡΙ
3124 4273 3341 4349 ἕνικὴν]
3382 4275 3612 4348 γενικὴν
3649 4277 3748 4347 Lfl
3784 4280 3861 4334 10
3897 4274 3933 4345 ἡ
3972 4274 4123 4348 σοφή
4161 4277 4230 4331 H
4252 4281 4262 4342 Ι
4302 4273 4338 4345 ἡ
4379 4273 4540 4341 πόλις

811 4382 919 4421 om.
959 4366 1021 4418 Η
1033 4366 1125 4434 ΡΙ
1158 4361 1461 4437 οὐδέτερον
1499 4365 1562 4421 δὲ
1601 4363 1765 4435 γένος
1801 4360 2010 4434 ὄνομα,
2048 4356 2116 4420 οὖ
2161 4365 2253 4431 ΡΙ
2286 4360 2592 4435 ούδετέρου
2631 4397 2696 4407 -
2732 4369 2972 4423 τοιαῦτα
3009 4384 3118 4422 om.
3157 4368 3223 4421 K
3256 4369 3276 4436 ΙΙ
3323 4367 3390 4421 11
3431 4363 3661 4437 γενικὴν
3690 4368 3742 4421 L
3772 4371 3781 4436 Ι
3813 4365 3876 4421 τὸ
3916 4365 4041 4438 μέλι
4075 4384 4185 4422 om.
4224 4366 4433 4435 H112
4472 4363 4536 4421 τό

810 4449 909 4509 διὰ
948 4450 1054 4508 δύο
1094 4483 1157 4494 —
1201 4450 1317 4509 ἔστι
1353 4454 1472 4524 (18)
1511 4472 1619 4509 om.
1659 4452 1728 4507 H
1769 4460 1777 4522 Ι
1828 4460 2104 4523 σημαῖνον
2142 4470 2250 4510 om.
2289 4454 2339 4508 L
2374 4456 2395 4524 Ι
2442 4454 2517 4509 18
2553 4459 2683 4525 post
2718 4454 2839 4510 οἷον
2877 4456 3004 4511 add.
3045 4450 3076 4509 6
3115 4451 3422 4523 ἅνθρωπος
3457 4457 3554 4509 καὶ
3589 4450 3624 4523 ὴ
3663 4451 3969 4523 ἄνθρωπος
4005 4455 4136 4509 KP
4175 4458 4185 4524 Ι
4225 4450 4432 4525 ὁμοίως
4466 4485 4538 4496 -

810 4538 848 4617 ἦ
887 4538 1042 4598 κύων
1080 4558 1186 4598 om.
1228 4543 1329 4613 Pu
1368 4541 1442 4597 14
1480 4538 1865 4613 σημενόμενον
1903 4538 1965 4597 τό
2002 4562 2062 4599 τε
2102 4543 2207 4613 ΡΙΙ
2243 4539 2494 4599 150’1120':
2535 4574 2600 4584 —·
2638 4540 2806 4608 ἀετός
2852 4562 2958 4599 om.
3001 4543 3066 4597 H
3072 4543 3179 4614 ΡΙΙ
3216 4542 3289 4598 15
3325 4546 3457 4598 ante
3493 4537 3673 4606 οὕτως
3708 4543 3834 4598 add.
3873 4540 3971 4599 διὰ
4008 4544 4111 4600 τοῦ
4150 4538 4279 4606 §vac
4314 4539 4538 4612 ἄρθρου

811 4630 1003 4686 RKP
1035 4635 1043 4700 Ι
1085 4626 1115 4685 ὁ
1155 4626 1354 4704 κόραξ]
1392 4627 1429 4702 ἦ
1467 4626 1767 4701 περιστερά
1804 4631 1905 4703 Ru
1934 4631 2009 4687 16
2044 4627 2186 4687 ἀλλὰ
2223 4664 2288 4673 -
2329 4627 2565 4702 χελιδῶν
2600 4648 2708 4688 om.
2751 4633 2850 4702 ΡΙΙ
2878 4632 2948 4687 17
2989 4631 3250 4703 τοιαῦτα]
3290 4625 3459 4701 ὃμοια
3499 4631 3556 4686 Ρ
3586 4631 3606 4703 ΙΙ
3644 4630 3717 4686 18
3751 4633 3879 4715 1οἷ’δη
3918 4631 3983 4688 δέ
4022 4628 4128 4688 δύο
4166 4632 4322 4701 ΒΡΙ
4388 4651 4536 4701 προ·

810 4716 923 4776 τότ.
971 4718 1077 4791 μέν
1124 4714 1274 4775 ἐστιν
1320 4716 1384 4774 τὸ
1423 4717 1569 4775 κατά
1616 4716 1720 4789 τὴν
1756 4715 1983 4790 πρῶτην
2018 4718 2186 4776 θέσιν
2223 4717 2430 4791 λεχθὲν
2476 4720 2598 4776 οἱον
2635 4721 2721 4789 γῆ.
2778 4716 3120 4790 παράγωγον
3168 4719 3230 4776 δὲ
3272 4720 3395 4775 οἷον
3430 4722 3642 4791 γαίηος.
3682 4715 4049 4790 πρωτότνπον
4086 4722 4278 4776 τοίνυν
4315 4720 4538 4790 λέγεται

812 4803 1081 4879 οὐρανός,
1118 4826 1250 4877 παρ.
1291 4807 1346 4861 Ρ
1383 4809 1405 4877 Ι
1452 4808 1526 4865 19
1562 4805 1722 4878 γὴιος
1756 4809 1821 4863 K
1864 4813 1872 4875 Ι
1923 4807 2055 4877 Αέγ.
2091 4806 2181 4880 δὲ]
2222 4804 2430 4879 ὁμοίως
2469 4809 2524 4863 Ρ
2558 4811 2579 4878 Ε
2624 4808 2699 4864 20
2734 4810 2929 4879 χωρῶν
2965 4841 3036 4849 -
3072 4811 3453 4879 Πανορμίτης]
3492 4807 3614 4864 οἷον
3651 4809 3907 4878 κωρυφοὶ
3944 4806 4366 4879 κωρυφαιῶτης.
4440 4808 4540 4863 καὶ

814 4892 931 4952 άπὸ
971 4894 1146 4953 νόσον
1183 4915 1476 4967 νυσιωτης.
1514 4897 1611 4953 καὶ
1646 4894 1717 4953 τὰ
1755 4893 1924 4970 ὅμοια
1959 4898 2047 4965 ΡΙ
2078 4893 2444 4966 πρωτότυπον
2472 4916 2580 4954 om.
2602 4898 2668 4953 H
2686 4902 2707 4969 u
2733 4897 2809 4953 28
2846 4894 3149 4969 Πάνορμος
3174 4897 3271 4953 καὶ
3299 4899 3397 4972 Π.]
3435 4897 3534 4953 καὶ
3562 4896 3727 4966 ἕτερα
3763 4894 3983 4961 τούτοις
4018 4893 4189 4969 ὅμοια
4227 4899 4303 4966 H,
4341 4915 4450 4953 om.
4479 4898 4546 4953 K

816 4988 825 5057 Ι
866 4982 1176 5056 παράγωγα
1214 4986 1270 5043 R
1311 4990 1333 5058 ΙΙ
1375 4985 1452 5043 24
1490 4981 1640 5043 ἔστὶν
1678 5005 1784 5044 om.
1822 4988 1891 5042 H
1922 4990 1944 5057 fl
1988 4984 2064 5042 25
2101 4986 2197 5041 καὶ
2233 4983 2360 5057 &mt-
2400 4987 2467 5042 H
2508 4991 2518 5058 Ι
2568 4979 2674 5043 οὖν
2709 5004 2819 5043 om.
2860 4988 2917 5043 P
2962 4990 2971 5059 Ι
3023 4981 3127 5043 οὖν
3162 4982 3344 5057 ὄνομά
3384 4982 3501 5043 ἔστι
3535 4986 3593 5042 R
3630 4988 3638 5057 Ι
3682 4990 3888 5057 κυρίως
3922 5004 4017 5043 om
4057 4988 4127 5056 P,
4163 4988 4224 5042 in
4258 5005 4369 5058 mg.
4410 4986 4538 5042 add.

814 5074 1022 5143 1112ss
1058 5069 1088 5130 6
1128 5080 1256 5147 poet
1292 5074 1451 5134 Αἰακ.
1491 5094 1598 5132 om.
1638 5074 1839 5145 12188
1874 5071 2046 5131 τύποι
2082 5075 2174 5148 δὲ]
2214 5072 2380 5132 τύποι
2418 5075 2523 5146 μὲν
2563 5076 2669 5145 ΗΒ
2693 5075 2770 5131 29
2811 5076 2941 5148 μὲν]
2980 5072 3278 5147 ὀνομάτων
3316 5076 3390 5145 Ρ,
3430 5092 3538 5132 om.
3579 5076 3693 5146 H}
3727 5075 3804 5131 29
3840 5074 3937 5131 καὶ
3975 5071 4007 5130 6
4045 5073 4126 5138 εἰς
4164 5095 4244 5130 ων
4281 5104 4350 5116 -
4387 5070 4419 5130 6
4458 5073 4540 5139 εἰς

812 5164 917 5233 δης
953 5181 1059 5218 om.
1089 5164 1217 5218 LH
1242 5164 1251 5237 Ι
1284 5164 1406 5221 οἷον
1439 5160 1708 5234 Ἀτρείδης
1738 5196 1802 5207 -
1833 5160 2116 5228 Πιττακός
2154 5181 2263 5221 om.
2293 5164 2427 5221 RH
2444 5167 2465 5234 ΙΙ
2492 5165 2561 5220 31
2605 5163 2727 5220 οἷον
2766 5167 2898 5221 ante
2937 5167 3197 5234 Πηλείων
3233 5181 3340 5221 om.
3382 5164 3433 5220 L
3464 5170 3473 5234 Ι
3505 5161 3861 5235 πηλειάδιος,
3901 5159 4132 5235 ἠράδιος
4161 5164 4226 5219 K
