4809 5959
1921 504 2350 570 ..23-

264 689 608 755 tribuenda
646 687 780 752 sint
824 686 1006 752 valde
1054 685 1321 751 dubium
1368 686 1493 764 est,
1541 704 1685 748 cum
1722 682 2060 766 perpaucis
2102 680 2373 767 singulis
2419 679 2754 764 particulis
2793 683 2907 745 aut
2942 679 3345 766 longioribus
3381 680 3676 764 partibus
3716 684 3995 769 exceptis

269 786 491 851 omnia
526 786 597 851 in
634 783 950 869 Stephani
984 782 1542 867 Melampodisque
1578 779 2062 847 commentariis
2097 778 2384 844 habeant
2422 777 2636 843 locum
2651 775 2720 864 1).
2791 777 3006 842 Aliter
3041 781 3257 842 autem
3294 798 3397 842 res
3435 798 3503 842 se
3538 777 3738 844 habet
3772 781 3919 847 inde
3958 805 3998 847 a

268 882 662 969 paragraphi
698 879 856 947 XIV
901 879 1117 963 initio,
1165 878 1404 944 etenim
1450 878 1519 942 in
1563 877 1687 943 hac
1735 897 1987 963 quoque
2033 874 2446 962 paragrapho
2485 879 2552 939 et
2595 873 2665 939 in
2711 876 3127 960 sequentibus
3180 874 3572 960 Stephano
3619 899 3696 942 ex
3733 878 3996 945 alterius

270 980 682 1068 grammatici
725 980 894 1045 libro
942 976 1381 1063 adiunguntur
1427 976 1700 1060 scholia,
1743 996 1952 1061 neque
1988 979 2206 1040 tamen
2253 992 2287 1037 e
2323 970 2856 1056 Melampodis,
2902 995 3046 1039 cum
3084 972 3516 1058 Melampodei
3553 978 3998 1043 commentarii

268 1079 334 1144 id
392 1079 744 1162 exemplar,
801 1098 928 1162 quo
983 1096 1138 1140 usus
1193 1078 1295 1140 est
1348 1073 1741 1141 scholiorum
1795 1071 2305 1158 conglutinatur,
2360 1071 2530 1136 inter
2581 1073 2621 1152 ξ
2668 1068 2829 1135 XIII
2885 1076 2951 1136 et
2994 1073 3035 1153 ἓ
3080 1070 3299 1137 XXIV
3353 1093 3710 1158 permagna
3764 1073 3998 1141 lacuna

270 1176 564 1243 hiaverit.
656 1172 853 1240 Cuius
906 1174 974 1239 in
1027 1173 1242 1239 locum
1298 1173 1475 1258 quia⁹
1506 1172 1704 1238 alium
1760 1170 2149 1236 substituere
2197 1168 2309 1233 ille
2353 1174 2613 1234 coactus
2670 1172 2811 1233 erat
2863 1190 2997 1234 non
3042 1169 3347 1235 audacius
3393 1169 3646 1235 videtur
3692 1172 3999 1257 conicere,

269 1274 455 1340 illum
502 1271 997 1359 grammaticum
1043 1271 1125 1335 ab
1166 1292 1243 1336 eo
1289 1271 1358 1335 in
1404 1291 1591 1335 usum
1638 1290 1781 1335 esse
1827 1271 2155 1344 vocatum,
2202 1266 2381 1330 cuius
2415 1286 2655 1331 nomen
2700 1266 2769 1330 in
2813 1266 3016 1351 ipsius
3062 1266 3456 1352 paragraphi
3494 1267 3680 1334 initio
3732 1269 3832 1335 bis
3889 1271 3998 1337 ad-

273 1372 581 1456 scriptum
620 1374 815 1436 extat.
877 1369 1092 1454 Atque
1130 1369 1597 1453 perlustrantes
1632 1363 2033 1452 paragraphi
2068 1361 2224 1427 XIV
2260 1383 2337 1426 ea
2374 1362 2649 1447 scholia,
2686 1385 2850 1448 quae
2888 1360 3201 1449 Stephani
3239 1367 3699 1431 commentario
3739 1368 3997 1451 qualem

272 1468 671 1535 restituimus
708 1467 954 1532 inserta
990 1470 1168 1549 sunt,
1217 1465 1592 1532 continuam
1637 1464 1797 1529 haec
1835 1482 2086 1547 quoque
2122 1460 2431 1545 praebere
2468 1461 2758 1527 videmus
2808 1462 2890 1528 ad
2938 1463 3217 1546 plurima
3254 1466 3423 1529 certe
3460 1462 3765 1531 lemmata
3801 1466 3998 1534 inter-

271 1566 732 1651 pretationem,
782 1564 963 1628 cuius
1011 1564 1304 1649 singulae
1348 1563 1702 1649 particulae
1748 1565 1886 1625 arte
1933 1560 2106 1624 inter
2151 1576 2249 1624 se·
2270 1559 2645 1644 cohaerent,
2699 1581 2817 1625 nec
2866 1559 2994 1625 nisi
3042 1582 3282 1645 paucos
3332 1564 3578 1627 restare
3626 1564 3833 1648 locos,
3887 1567 3996 1651 qui

273 1663 488 1729 neutri
523 1663 754 1728 horum
791 1661 1217 1745 interpretum
1256 1660 1578 1746 assignari
1613 1658 1885 1744 possint.
1956 1678 2109 1723 nam
2148 1660 2249 1721 ter
2283 1656 2362 1721 de
2398 1657 2623 1722 eadem
2659 1678 2731 1722 re
2767 1658 3129 1741 expositum
3169 1662 3268 1724 est
3304 1658 3453 1743 849,
3494 1660 3611 1723 1-
3629 1662 3710 1726 15
3747 1668 3813 1727 et
3849 1663 3968 1729 851
3977 1714 3996 1749 ‚

274 1762 534 1827 24—27
584 1763 651 1825 et
688 1756 906 1843 Steph.
954 1759 1110 1842 848,
1146 1757 1439 1841 26-323
1487 1756 1645 1841 869,
1682 1756 1902 1822 6--10
1948 1759 2015 1820 et
2056 1754 2314 1820 12—25
2351 1762 2418 1822 et
2454 1754 2676 1842 Steph.
2722 1756 2879 1837 869,
2924 1757 3414 1840 27—870‚·12;
3463 1758 3621 1844 875,
3668 1761 3883 1828 6—11
3934 1767 4002 1829 et

279 1859 540 1924 13—20
585 1861 653 1923 et
688 1855 908 1941 Steph.
948 1858 1096 1939 874,
1130 1856 1458 1941 33—875,
1494 1856 1565 1940 43
1611 1875 1885 1939 quorum
1924 1852 2319 1919 scholiorum
2358 1855 2637 1939 primum
2677 1854 2973 1940 quodque
3010 1853 3372 1939 Porphyrio
3409 1855 3821 1924 tribuendum
3858 1881 3998 1925 esse

277 1955 593 2041 suspicari
630 1956 808 2038 licet,
846 1976 992 2020 cum
1028 1954 1082 2019 is
1119 1954 1189 2019 in
1223 1953 1651 2038 Melampodis
1688 1952 1903 2019 locum
1940 1951 2321 2016 successisse
2357 1953 2673 2019 videatur.
2752 1952 2847 2018 Ac
2892 1973 3159 2037 prorsus
3198 1952 3418 2018 eadem
3455 1954 3622 2020 ratio
3669 1962 3770 2022 est
3815 1958 4001 2023 scho-

275 2054 513 2120 liorum
558 2051 1007 2139 paragraphos
1042 2049 1482 2117 xv—XXIII
1528 2047 2022 2134 illustrantium,
2068 2054 2143 2114 ut
2186 2049 2293 2115 hic
2339 2071 2590 2137 quoque
2637 2051 2924 2118 conicere
2971 2072 3166 2117 ausus
3205 2051 3353 2136 sim,
3401 2053 3765 2139 ubicunque
3803 2056 3999 2121 inter-

274 2151 623 2237 pretationi
672 2148 1148 2235 Stephanianae
1195 2172 1326 2215 una
1376 2148 1542 2214 alius
1586 2148 1957 2233 interpretis
2006 2147 2225 2214 addita
2270 2154 2395 2233 est,
2450 2149 2617 2215 hanc
2671 2170 2872 2214 unam
2925 2170 2966 2214 a
3010 2147 3372 2234 Porphyrio
3426 2149 3784 2235 profectam
3839 2175 4001 2239 esse,

278 2251 639 2335 ubicunque
668 2272 822 2315 vero
852 2249 1015 2315 duae
1042 2249 1380 2315 adiunctae
1412 2252 1582 2332 sunt,
1609 2248 1906 2332 priorem.
1946 2244 2043 2311 At
2067 2245 2137 2311 in
2165 2246 2539 2316 ultimarum
2569 2246 2839 2311 duarum
2867 2247 3424 2332 paragraphorum
3450 2249 4000 2336 interpretatione,

278 2370 441 2434 quae
488 2352 589 2413 est
632 2347 768 2413 illic
813 2347 1207 2413 scholiorum
1252 2346 1664 2431 compositio,
1717 2366 1799 2410 ne
1845 2344 2218 2409 dubitanter
2264 2343 2521 2430 quidem
2575 2344 2777 2409 ullum
2825 2344 3182 2429 adespoton
3230 2345 3590 2432 Porphyrio
3649 2351 4002 2437 assignavi,

278 2445 389 2510 sed
434 2445 595 2510 illud
640 2449 895 2510 tantum
931 2444 1159 2529 tribui,
1205 2444 1285 2509 ad
1332 2443 1503 2528 quod
1539 2464 1778 2508 nomen
1816 2442 1953 2507 eius
1991 2441 2386 2525 adscriptum
2425 2447 2522 2506 est
2558 2441 2627 2505 in
2663 2439 2874 2506 Vatic.
2917 2442 2998 2506 14
3037 2447 3103 2507 et
3136 2441 3617 2530 Hamburgensi
3656 2445 3834 2533 (951,
3870 2448 4001 2537 13).

596 2637 981 2725 Priusquam
1040 2643 1257 2705 autem
1316 2660 1446 2702 una
1503 2637 1728 2702 tabula
1788 2636 2325 2722 comprehendam
2386 2657 2464 2700 ea
2522 2657 2684 2720 quae
2743 2635 2867 2701 hac
2927 2636 3380 2704 dissertatione
3437 2643 3772 2726 proposita
3832 2647 4001 2728 sunt,

278 2737 876 2802 commentariolum
932 2736 1216 2802 inseram
1270 2736 1352 2801 ab
1408 2736 1657 2801 incerto
1714 2733 2006 2819 byzantii
2061 2735 2201 2799 aevi
2257 2738 2518 2800 auctore
2578 2733 2660 2798 ad
2714 2732 3014 2818 Dionysii
3077 2739 3281 2800 artem
3343 2739 3790 2822 compositum.
3890 2743 4001 2827 qui

279 2854 666 2917 quamquam
712 2855 788 2899 ea
833 2838 1011 2899 caret
1055 2832 1466 2917 auctoritate,
1513 2854 1640 2918 qua
1683 2831 1939 2916 pollent
1981 2832 2301 2897 maiorum
2340 2831 2729 2898 scholiorum
2779 2832 3216 2917 collectioneS‚
3259 2837 3482 2900 tamen
3527 2837 3610 2901 ad
3649 2839 3998 2904 restituen-

278 2930 431 2995 dam
475 2931 682 3015 ipsam
727 2930 1003 2997 technen
1048 2952 1183 2996 non
1229 2930 1469 2995 nullius
1517 2931 1827 2995 momenti
1873 2933 1975 2996 est
2017 2930 2288 3015 ideoque
2334 2931 2568 3016 dignus
2604 2929 2860 2995 videtur
2905 2930 3014 3015 qui
3059 2930 3311 3016 integer
3348 2935 3523 3018 typis
3558 2935 3999 3020 imprimatur:

280 3050 320 3093 a
366 3026 716 3094 Bekkero
763 3028 937 3094 enim
975 3027 1105 3094 AG
1151 3051 1212 3113 Ρ.
1266 3030 1429 3093 1141
1466 3049 1600 3113 sqq.
1637 3049 1960 3113 perpauca
1994 3031 2248 3093 tantum
2294 3029 2431 3096 eius
2477 3028 2757 3094 frustula
2795 3029 3043 3113 'publici
3085 3030 3245 3095 iuris
3291 3029 3465 3098 facta
3510 3040 3676 3099 sunt.
3738 3033 3817 3100 In
3852 3056 4002 3101 con·

282 3125 626 3191 stituendis
674 3131 889 3193 autem
925 3127 1118 3193 huius
1156 3126 1602 3193 commentarii
1640 3127 1881 3211 verbis,
1928 3149 2089 3212 quae
2135 3149 2270 3193 non
2317 3149 2456 3192 sum
2508 3130 2775 3192 conatus
2822 3126 3188 3210 emendare,
3235 3128 3347 3193 sed
3391 3131 3684 3196 recensui
3727 3136 4003 3217 tantum,

277 3223 477 3288 hosce
521 3224 786 3291 adhibui
833 3224 1108 3291 codices:

390 3363 465 3416 M
498 3387 567 3409 a-
606 3364 724 3418 cod.
762 3363 1190 3421 Monacensis
1237 3369 1385 3432 310,
1432 3379 1576 3419 saec.
1604 3362 1682 3417 lx
1720 3363 1811 3418 vel
1848 3363 1899 3416 X
1945 3363 2036 3432 (cf.
2074 3361 2426 3434 Vhligium
2462 3364 2521 3420 in
2559 3364 2717 3420 Actis
2763 3363 3178 3435 philologorum
3216 3363 3473 3422 German.
3513 3366 3824 3424 Trevericis
3864 3375 4001 3427 1879

599 3460 654 3513 p.
706 3449 805 3537 193
843 3445 1011 3539 sqq.);
1058 3443 1309 3500 continet
1350 3443 1447 3499 fol.
1495 3449 1804 3498 52r--59v
1849 3458 1993 3511 quae
2039 3443 2303 3515 leguntur
2346 3461 2401 3514 p.
2442 3449 2539 3511 36,
2578 3449 2646 3499 27
2694 3447 2777 3514 (-
2795 3463 2926 3513 «pote
2972 3439 3311 3515 πολυώνυμα
3356 3444 3635 3516 λέγονται)
3680 3480 3751 3490 -
3795 3456 3891 3519 45,
3937 3457 4001 3506 19

387 3601 442 3656 L
487 3627 554 3648 Β
603 3524 1122 3695 ἓςῖίῖαῐιτέἰξέζιςιξίε
1159 3603 1532 3659 Vossianus
1572 3608 1674 3672 76,
1712 3619 1854 3657 saec.
1893 3602 1970 3657 XI
2009 3603 2101 3672 (cf.
2138 3601 2492 3665 Vhligium
2527 3604 2566 3659 l.
2605 3604 2643 3657 1.
2682 3621 2738 3674 p.
2781 3610 2881 3659 166
2911 3606 3079 3673 sqq.);
3120 3606 3372 3662 continet
3406 3625 3459 3678 p.
3498 3612 3782 3664 276-326
3819 3612 4002 3665 totum

390 3763 458 3817 Η
488 3788 556 3809 =-
604 3687 1303 3835 ἓὲῗωέἓᾟῗιῗςοιιείε
1341 3763 1383 3819 C
1425 3769 1507 3830 13,
1547 3779 1689 3818 saec.
1726 3762 1883 3817 XVII
1920 3763 1981 3833 (h
2015 3763 2166 3833 apud
2203 3763 2565 3835 Bekkerum)·
2603 3783 2655 3836 Ρ.
2695 3770 2977 3822 298-320
3012 3770 3167 3823 totus
3202 3767 3411 3838 legitur
3448 3769 3895 3824 commentarius.

390 3841 446 3896 R
483 3867 551 3888 ==
604 3843 722 3898 cod.
760 3842 1123 3899 Parisinus
1159 3849 1326 3899 2594
1363 3841 1430 3911 (C
1466 3843 1618 3913 apud
1652 3843 2020 3913 Bekkerum),
2058 3859 2201 3899 saec.
2231 3843 2359 3912 XV;
2395 3844 2456 3900 in
2493 3845 2589 3901 fol.
2632 3851 3010 3904 106ι-118ν
3047 3848 3203 3903 totus
3241 3864 3287 3902 c.
3325 3846 3535 3918 legitur
3570 3850 3802 3919 excepto
3837 3848 4002 3905 initio

393 4006 450 4062 P
483 4031 551 4053 ==
603 3923 1117 4061 gggu‘I’ffiigiggs
1149 3929 1320 4059 120558
1358 4006 1443 4073 (N
1474 4003 1626 4075 apud
1654 4003 1877 4073 130ka
1915 4019 2054 4059 saec.
2086 4002 2245 4069 XVI,
2281 4002 2379 4059 fol.
2410 4010 2595 4059 421—
2608 4010 2723 4059 52v
2761 4004 2990 4063 exhibet
3022 4022 3169 4076 quae
3196 4005 3459 4076 leguntur
3493 4006 3624 4062 inde
3652 4024 3701 4064 a.
3732 4025 3787 4076 p.
3817 4013 3903 4077 31,
3933 4014 4002 4063 24

600 4100 777 4154 usque
814 4083 887 4139 ad
921 4083 1091 4138 finem
1127 4082 1538 4150 commentarii,
1583 4083 1888 4153 praemisso
1934 4084 2103 4139 titulo
2141 4078 2474 4153 «Νήφωνος
2510 4085 2791 4155 μοναχοῦ,
2836 4081 2983 4156 τάχα
3030 4081 3360 4154 ζωγράφου,
3404 4084 3536 4153 περὶ
3573 4088 3861 4156 στοιχείων
3907 4087 4006 4143 καὶ

603 4166 713 4222 τῶν
750 4163 801 4234 η’
840 4166 1025 4237 μερῶν
1062 4166 1162 4220 tofi
1198 4161 1369 4235 λόγου
1408 4159 1835 4235 ἕρμηνευθέντα
1871 4161 2019 4219 κατὰ
2058 4159 2345 4233 δύναμιν»
2383 4168 2445 4219 et
2479 4164 2637 4220 brevi
2675 4164 2745 4220 de
2784 4164 3020 4235 singulis
3057 4165 3260 4221 litteris
3295 4164 3660 4235 expositione.

710 4246 1040 4316 (Utrumque
1094 4245 1347 4301 codicem
1391 4244 1705 4301 Parisinum
1751 4262 1938 4301 meum
1991 4245 2051 4300 in
2105 4261 2265 4299 usum
2315 4243 2554 4299 contulit
2597 4244 2744 4299 Max
2761 4244 3118 4302 imilianus
3164 4246 3447 4312 Bonnet‚
3506 4246 3594 4301 oui
3638 4261 3740 4316 pro
3796 4246 4005 4318 insigni

604 4341 739 4397 erga
772 4342 863 4380 me
898 4323 1249 4395 benignitate
1289 4341 1533 4379 summas
1568 4341 1677 4395 ago
1714 4324 1966 4395 gratias).

392 4406 457 4461 K
490 4433 557 4453 ==
605 4406 911 4539 ⁰9⁶·lssess·
942 4403 1353 4538 Havssssen⁸i⁸
1387 4410 1580 4474 1965,
1620 4422 1763 4462 saec.
1793 4403 1923 4473 XV;
1963 4422 2016 4475 Ρ.
2045 4409 2328 4461 439—458
2357 4406 2820 4461 commentarium
2849 4406 3076 4461 exhibet
3099 4406 3231 4461 inde
3258 4422 3293 4459 a
3320 4411 3352 4472 ς
3382 4411 3448 4461 14
3476 4405 3650 4462 Bekk.
3681 4410 3773 4477 (12
3792 4409 4004 4481 Vhlig)

603 4485 714 4541 titu
740 4502 773 4542 o
810 4502 923 4540 non
960 4500 1096 4556 prae
1174 4501 1206 4538 o

693 4612 889 4678 Plura
931 4612 1009 4677 de
1056 4611 1179 4677 hoc
1226 4612 1692 4678 commentario
1747 4634 1821 4678 ac
1866 4613 1946 4677 de
1991 4612 2242 4677 ratione
2286 4612 2456 4677 inter
2504 4613 2797 4699 singulos
2852 4611 3099 4678 codices
3156 4614 3587 4682 intercedente
3635 4615 4004 4702 Vhligius

284 4715 569 4795 exponet
611 4711 681 4775 in
723 4710 1125 4796 praefatione
1172 4709 1442 4776 editioni
1485 4710 1749 4776 technes
1798 4710 2266 4795 Dionysianae,
2314 4730 2479 4794 quae
2525 4731 2677 4775 mox
2723 4709 3117 4797 vulgabitur,
3161 4713 3534 4795 praemissa.

608 4906 660 4968 1)
697 4902 856 4958 Nihil
891 4901 1077 4957 tribuo
1121 4901 1441 4958 testimonio
1481 4902 1689 4958 codicis
1728 4902 2198 4959 Darmstadini
2234 4907 2402 4973 2773,
2448 4903 2509 4958 in
2556 4917 2667 4971 quo
2712 4900 2857 4957 libro
2901 4908 3032 4973 post
3074 4905 3253 4959 multa
3298 4921 3366 4960 ex
3408 4904 3581 4961 variis
3625 4904 4008 4976 grammaticis

285 4980 634 5054 philosophis
670 4981 963 5039 rhetoricis
1000 4981 1223 5051 scriptis
1259 4984 1523 5053 excerpta
1556 4983 1687 5038 inde
1722 5000 1758 5038 a
1792 4982 1928 5039 folio
1968 4987 2107 5037 1521·
2141 4983 2250 5037 hoc
2285 4982 2455 5038 titulo
2492 4981 2824 5053 praemisso:
2861 4986 3195 5054 Πορφυρίου
3235 4984 3316 5049 εἰς
3352 4983 3416 5041 τὸ
3454 4989 3514 5042 τί
3544 4980 3696 5041 ἐστιν
3730 4981 4006 5056 ἐμπειρία,

286 5059 539 5129 sequitur
564 5060 992 5117 commentarius
1020 5061 1314 5116 continuus
1342 5061 1403 5116 in
1430 5060 1683 5132 Dionysii
1710 5067 1772 5129 §g
1791 5062 1816 5116 I
1836 5063 1903 5131 II,
1930 5079 2098 5131 quem
2126 5060 2371 5117 Sturzius
2399 5066 2533 5133 post
2557 5061 2666 5118 EG
2694 5080 2748 5133 Ρ.
2778 5068 2883 5118 663
2903 5081 2983 5134 sq.
3014 5065 3206 5122 edidit.
3255 5067 3464 5123 etenim
3490 5083 3634 5136 quae
3663 5066 3736 5122 ad
3764 5065 4005 5138 primam

286 5139 426 5194 artis
462 5142 877 5211 paragraphum
913 5140 1007 5195 hic
1043 5142 1409 5207 adnotantur,
1448 5143 1731 5213 Stephano
1759 5142 2059 5199 tribuenda
2085 5158 2229 5210 esse,
2266 5159 2410 5212 quae
2441 5160 2573 5200 vero
2602 5144 2675 5201 ad
2702 5144 2943 5201 alteram
2971 5147 3386 5218 paragraphum
3415 5145 3749 5203 exhibentur
3775 5147 4006 5217 scholia,

286 5219 632 5290 Melampodi
668 5220 910 5276 adscribi
947 5219 1149 5276 debere
1188 5237 1356 5291 supra
1389 5222 1768 5278 intelleximus
1804 5223 2099 5280 meliorum
2135 5223 2363 5280 testium
2401 5226 2742 5282 auctoritate
2778 5223 2911 5280 nixi.
