4809 5959
2479 475 2922 541 ...16-

1151 657 1191 736 §
1233 656 1290 720 7.
1357 653 1504 738 772,
1540 653 1870 737 27-778,
1915 653 1985 737 3;
2034 653 2180 737 780,
2218 651 2461 737 7-31;
2502 649 3012 738 788,’28--789,
3047 652 3116 739 4;
3168 653 3313 739 789,
3352 654 3678 739 20-790,
3719 655 3826 738 19;
3875 655 4023 733 796,
4067 655 4356 740 20-26;
4404 654 4552 734 796,

830 761 1120 846 26-31;
1170 761 1316 845 797,
1366 760 1655 843 15-17;
1701 759 1993 844 24-32;
2055 758 2339 841 19-23;
2388 757 2535 843 798,
2585 758 2906 842 13-799,
2952 759 3066 843 273
3114 759 3263 843 801,
3313 759 3558 843 1-19;
3604 760 3762 843 802,
3814 762 4055 844 1-28;
4103 760 4261 845 803,
4305 760 4551 847 5-15;

831 867 981 950 803,
1026 867 1354 951 29-804,
1399 867 1468 949 63
1516 865 1665 948 805,
1710 866 1959 952 4-16;
2006 865 2297 949 23—293
2344 864 2494 947 806,
2544 865 2827 948 14-26;
2877 864 3025 948 808,
3071 864 3361 948 9-809,
3407 864 3476 948 2,
3523 864 3681 949 809,
3733 866 4018 951 14-21;
4066 867 4221 950 810,
4269 866 4552 950 5-812,

829 974 900 1057 2,
943 973 1190 1039 inedita
1233 973 1549 1039 nonnulla
1595 972 1672 1037 de
1718 972 2028 1057 exemplis
2076 995 2117 1038 a
2162 972 2484 1055 Dionysio
2541 991 2619 1035 ex
2662 969 2934 1036 Homeri
2987 970 3378 1037 carminibus
3432 971 3708 1055 prolatis
3721 968 3799 1057 ¹);
3856 973 4012 1056 813,
4064 973 4394 1056 19—814,
4447 972 4552 1057 153

831 1080 981 1163 816,
1031 1078 1315 1165 11-25;
1363 1079 1512 1164 817,
1562 1079 1885 1162 17-818,
1936 1078 2035 1144 16.
2109 1080 2149 1159 ἓ
2189 1078 2249 1144 8.
2306 1077 2456 1161 819,
2506 1077 2828 1160 14-820,
2865 1077 2970 1144 22.
3048 1080 3090 1158 ξ
3137 1077 3198 1142 9.
3271 1077 3420 1161 822,
3471 1078 3792 1163 14-823,
3843 1080 3942 1144 14.
4032 1081 4073 1160 ἓ
4125 1081 4225 1144 12.
4271 1078 4420 1163 836,
4466 1079 4551 1143 32

837 1186 1069 1270 -837,
1121 1187 1234 1270 183
1280 1186 1431 1270 839,
1477 1185 1760 1251 28-32.
1851 1188 1892 1267 ξ
1944 1184 2045 1250 13.
2091 1184 2239 1264 840,
2285 1183 2490 1267 5-9;
2537 1183 2685 1268 840,
2727 1184 3054 1268 28-842,
3098 1184 3141 1249 2
3189 1181 3293 1269 (ἐν
3337 1180 3441 1249 ἑνὶ
3486 1180 3664 1271 λόγῳ
3711 1177 3835 1268 οὐχ
3878 1178 4295 1272 εὑρίσκεται).

1149 1289 1494 1359 Consentit
1537 1292 1739 1378 igitur
1773 1290 1843 1356 in
1877 1291 1982 1357 his
2027 1311 2278 1376 quoque
2314 1293 2398 1372 ἐξ
2436 1290 2802 1375 explanatio
2840 1288 3236 1355 Havniensis
3267 1285 3396 1374 (K)
3433 1310 3579 1354 cum
3615 1311 3691 1356 eo
3720 1289 4146 1376 Melampodis
4185 1296 4550 1357 commento

834 1399 1003 1486 quod
1040 1421 1118 1465 ex
1145 1398 1466 1465 Vaticano
1510 1399 1590 1464 14
1629 1403 1695 1464 et
1730 1397 2212 1483 Hamburgensi
2246 1418 2622 1482 recuperare
2666 1395 2847 1479 licet,
2890 1395 3017 1460 nisi
3062 1394 3234 1480 quod
3271 1395 3469 1460 semel
3504 1398 3575 1460 K
3610 1396 3692 1462 ab
3730 1396 3939 1463 Vatic.
3975 1401 4043 1462 et
4068 1395 4553 1482 Hamburgensi

832 1506 1073 1571 omissa
1118 1506 1377 1571 exhibet
1430 1508 1497 1571 et
1541 1505 1709 1590 quod
1756 1505 2114 1590 complures
2170 1503 2526 1589 particulae
2577 1525 2656 1570 ex
2701 1501 3005 1568 Vaticani
3061 1502 3445 1567 auctoritate
3491 1500 3883 1586 Melampodi
3936 1500 4316 1568 tribuendae
4370 1502 4439 1568 in
4485 1506 4552 1568 K

832 1612 1080 1678 desunt.
1152 1633 1312 1697 quas
1359 1612 1732 1678 etiamnunc
1774 1612 1873 1677 illi
1918 1612 2278 1678 tribuemus
2314 1632 2436 1677 nec
2471 1609 2910 1695 opinabimur,
2955 1628 3372 1693 quaecunque
3407 1607 3477 1673 in
3511 1611 3583 1672 K
3613 1628 3746 1673 non
3784 1611 4038 1692 extant,
4082 1630 4122 1673 a
4148 1607 4551 1692 Melampode

833 1717 1258 1785 abiudicanda
1302 1738 1469 1802 esse3
1529 1717 1642 1783 sed
1686 1739 1831 1783 cum
1876 1717 1981 1783 hic
2028 1716 2227 1783 codex
2273 1716 2530 1801 saepius
2575 1714 3032 1801 explicationes
3094 1713 3164 1779 in
3208 1714 3400 1799 paulo
3456 1713 3820 1780 breviorem
3865 1714 4142 1779 formam
4187 1718 4552 1780 contractas

832 1825 1139 1909 praebeat
1182 1846 1375 1909 quam
1420 1824 1726 1910 leguntur
1779 1824 1848 1888 in
1895 1822 2240 1904 Vaticano,
2293 1825 2470 1890 totas
2526 1843 2779 1908 quoque
2833 1820 3388 1905 interpretationis
3444 1820 3794 1905 particulas
3850 1821 3920 1885 in
3964 1821 4044 1885 K
4080 1821 4352 1886 omissas
4408 1842 4550 1915 esse

831 1932 1020 1997 facile
1066 1929 1414 1996 credemus.
1484 1929 1587 1995 Ita
1630 1931 1702 1995 in
1746 1930 1871 1996 hoc
1900 1930 2083 2011 ¹libro
2129 1929 2509 1995 intercidere
2559 1928 2705 2014 745,
2755 1928 3048 2013 17—333
3098 1928 3243 2011 748,
3290 1927 3537 2011 8-16;
3587 1928 3734 2011 748,
3770 1928 4099 2011 28-749,
4148 1928 4259 2008 19;
4307 1950 4468 2013 quae
4515 1950 4551 1993 e

841 2037 1055 2104 medio
1093 2036 1565 2122 explanationis
1613 2057 1858 2103 conexu
1896 2036 2117 2101 evulsa
2157 2038 2325 2101 sunt.
2397 2033 2463 2100 N
2466 2056 2537 2100 ec
2572 2034 2923 2101 credendus
2960 2037 3060 2100 est
3094 2033 3458 2118 Melampus
3495 2032 3572 2098 de
3614 2033 3868 2118 syllaba
3901 2034 4102 2120 longa
4136 2039 4331 2120 caput
4371 2033 4442 2118 (ἓ
4479 2034 4551 2121 9)

837 2145 1307 2229 explanavisse,
1354 2144 1465 2209 sed
1501 2144 1579 2208 de
1613 2143 1797 2209 brevi
1834 2148 1900 2208 et
1935 2142 2206 2228 ancipiti
2248 2141 2462 2226 capita
2496 2139 2567 2228 (ξ
2601 2142 2700 2207 10.
2735 2141 2844 2227 11)
2854 2193 2872 2226 ,
2917 2165 3080 2228 quae
3116 2143 3180 2207 in
3221 2145 3291 2207 K
3320 2141 3853 2225 interpretatione
3893 2146 4137 2225 carent,
4171 2142 4550 2226 neglexisse.

1156 2247 1319 2315 Cum
1365 2248 1449 2316 ad
1492 2250 1687 2314 finem
1722 2249 2117 2335 paragraphi
2145 2248 2305 2315 XIII
2341 2246 2745 2332 pervenisset
2779 2246 3440 2332 Hoerschelmannus,
3489 2248 3783 2313 substitit
3809 2248 3881 2313 in
3907 2248 4077 2313 libro
4105 2247 4552 2333 Melampodeo

836 2379 913 2423 ex
959 2357 1337 2423 collectione
1381 2355 1705 2422 Vaticana
1750 2356 1884 2422 sive
1929 2353 2166 2422 Hamb.
2213 2354 2632 2438 secernendo,
2678 2375 2824 2419 cum
2869 2356 3247 2443 intellegere
3293 2356 3418 2421 sibi
3462 2355 3804 2439 videretur,
3850 2354 3932 2420 ad
3978 2359 4320 2440 sequentes
4365 2376 4553 2438 para-

836 2463 1122 2550 graphos
1165 2462 1581 2528 illustrandas
1626 2462 1818 2527 huius
1865 2461 2273 2548 grammatici
2330 2462 2868 2527 commentarium
2914 2483 2954 2526 a
3000 2461 3393 2527 scholiorum
3436 2458 3906 2526 Vaticanorum
3959 2461 4393 2546 compositore
4439 2460 4554 2525 ad·

832 2569 1113 2636 hibitum
1167 2592 1299 2637 non
1351 2590 1509 2636 esse.
1598 2569 1770 2654 quod
1822 2573 1897 2633 ut
1948 2568 2073 2635 sibi
2126 2567 2568 2654 persuaderet,
2624 2589 2771 2634 eum
2823 2589 2957 2633 non
3012 2567 3278 2633 adduxit
3320 2566 3749 2652 Melampodis
3804 2588 4044 2634 nomen
4102 2568 4172 2632 in
4228 2568 4322 2632 eis
4382 2588 4547 2653 quae

836 2679 1190 2761 sequuntur
1243 2674 1669 2761 paragraphis
1722 2696 1988 2759 prorsus
2043 2673 2599 2759 praetermissum,
2662 2674 2901 2759 quippe
2958 2674 3128 2759 quod
3182 2695 3266 2739 ne
3322 2674 3393 2738 in
3451 2675 3541 2738 eis
3598 2673 3856 2759 quidem
3911 2695 4071 2759 quas
4124 2673 4553 2758 pertractavit

835 2780 1262 2867 paragraphis
1319 2780 1490 2845 ultra
1541 2800 1606 2863 p.
1646 2780 1802 2863 772,
1846 2780 1930 2844 27
1989 2779 2382 2863 inveniatur,
2436 2781 2548 2846 sed
2593 2783 2973 2866 argumento
3020 2781 3078 2846 ei
3124 2782 3290 2864 erat,
3346 2780 3517 2865 quod
3571 2781 3792 2846 omnia
3844 2779 3978 2846 fere
4033 2781 4265 2846 desunt
4317 2779 4552 2846 indicia

833 2887 904 2952 in
958 2886 1263 2972 loquendi
1317 2884 1771 2952 consuetudine
1828 2887 2071 2969 posita,
2135 2884 2368 2971 quibus
2434 2887 2968 2952 commentarium
3024 2885 3540 2971 Melampodeum
3601 2907 3639 2950 a
3699 2887 3929 2952 ceteris
3989 2887 4304 2971 distingui
4357 2906 4548 2971 posse

836 2993 1157 3078 probavit.
1219 3013 1381 3077 quae
1411 3012 1512 3056 res
1551 3012 1746 3076 quam
1782 2990 1913 3056 late
1950 2993 2197 3075 pateat,
2214 2989 2379 3056 'inde
2416 2990 2816 3078 intellegitur
2852 2993 3023 3078 quod
3059 2993 3128 3056 in
3164 2991 3462 3057 omnibus
3499 2993 4054 3078 paragraphorum
4083 2990 4554 3058 xrv—XXIII

837 3099 1102 3166 scholiis
1140 3119 1218 3163 ex
1253 3100 1374 3181 eis,
1411 3119 1571 3182 quae
1610 3120 1650 3162 a
1684 3096 2093 3181 Melampode
2120 3097 2399 3163 maxime
2429 3097 2837 3183 frequentata
2863 3119 3002 3163 esse
3039 3096 3672 3164 Hoerschelmannus
3700 3098 4180 3178 demonstravit,
4214 3099 4398 3166 nulla
4425 3098 4553 3163 nisi

835 3207 993 3273 haec
1037 3206 1305 3291 reperiri
1350 3208 1649 3289 possunt:
1697 3204 1848 3289 899,
1891 3205 1979 3269 20
2024 3202 2414 3289 ἐπενεχθένς
2461 3204 2618 3288 863,
2669 3204 2749 3269 13
2796 3208 2862 3270 et
2907 3204 3064 3290 894,
3114 3205 3196 3270 16
3244 3200 3629 3289 εἰρήκαμενς
3677 3205 3835 3290 906,
3885 3206 3967 3269 14
4014 3199 4104 3283 ὥς
4146 3208 4555 3288 προείρηται.

1153 3311 1245 3377 Vt
1290 3315 1506 3377 autem
1556 3310 1984 3395 perspiciatur
2035 3332 2194 3376 num
2249 3332 2474 3376 revera
2525 3310 2593 3375 in
2638 3308 2959 3376 Vaticana
3012 3309 3392 3377 collectione
3448 3311 3664 3376 nullae
3720 3310 4030 3396 reliquiae
4083 3310 4359 3375 traditae
4415 3310 4553 3375 sint

843 3418 1326 3502 Melampodeae
1352 3416 1909 3503 paragraphorum
1934 3418 2365 3502 posteriorum
2394 3416 2887 3502 explanationis,
2923 3417 3147 3503 magni
3174 3417 3484 3483 momenti
3514 3422 3631 3500 est,
3659 3417 3830 3502 quod
3860 3416 4081 3482 eadem
4110 3416 4359 3482 scholia
4386 3438 4551 3502 quae

835 3524 1227 3610 Melampodi
1261 3524 1635 3589 tribuuntur
1668 3524 1737 3587 in
1773 3522 1979 3588 Vatic.
2022 3525 2105 3589 14
2141 3526 2207 3589 et
2241 3526 2338 3607 K,
2380 3524 2451 3588 in
2488 3523 2635 3588 aliis
2672 3522 2996 3589 codicibus
3043 3516 3396 3588 Diomedi
3434 3522 3825 3588 scholiastae
3862 3522 4188 3606 adscripta
4224 3521 4554 3606 leguntur.

835 3633 1015 3700 cuius
1063 3632 1156 3697 rei
1201 3630 1493 3715 exempla
1535 3634 1788 3714 praeter
1833 3651 1939 3715 ea,
1984 3652 2148 3715 quae
2191 3630 2324 3695 iam
2367 3628 3005 3696 Hoerschelmannus
3049 3651 3109 3713 p.
3158 3629 3242 3695 28
3285 3650 3380 3714 sq.
3424 3630 3719 3713 protulit,
3764 3627 3924 3693 haec
3970 3628 4222 3695 adferre
4265 3650 4552 3713 possum.

1152 3736 1231 3801 In
1277 3735 1495 3802 codice
1536 3733 1867 3802 Marciano
1916 3736 2046 3803 652
2092 3733 2308 3823 (clasS.
2337 3758 2483 3820 app.
2512 3734 2605 3800 XI
2632 3733 2705 3822 4)
2751 3736 2923 3801 inter
2968 3734 3150 3800 varia
3194 3735 3435 3820 scripta
3471 3735 3896 3821 grammatica
3930 3734 4077 3800 inde
4115 3757 4155 3800 a
4190 3734 4347 3800 folio
4381 3736 4557 3800 1171·

836 3844 1083 3912 scholia
1128 3844 1351 3908 extant
1396 3841 1461 3906 in
1509 3842 1671 3906 artis
1719 3840 2154 3927 Dionysianae
2199 3844 2285 3923 §fi
2338 3842 2526 3925 1—7,
2572 3842 2802 3927 quibus
2850 3841 2959 3906 hic
3002 3841 3393 3925 praemissus
3441 3845 3541 3906 est
3584 3840 3814 3906 titulus
3852 3837 4243 3926 Διομίὸους
4289 3845 4551 3926 σχολια-

836 3950 1066 4018 στικοῦ
1112 3950 1204 4026 εἰς
1247 3943 1374 4033 τὴν
1421 3951 1796 4013 Διονυσίου
1839 3946 2080 4032 τέχνην
2127 3946 2189 4033 (e
2237 3969 2363 4032 quo
2416 3952 2781 4013 commento
2827 3947 3174 4013 nonnullas
3229 3948 3584 4031 particulas
3639 3947 3842 4012 edidit
3886 3946 4333 4032 Villoisonus).
4423 3945 4549 4012 His

836 4062 1052 4123 autem
1100 4054 1363 4120 scholiis
1407 4053 1818 4138 perlustratis
1864 4058 1931 4118 et
1975 4075 2119 4119 cum
2166 4053 2380 4120 codice
2427 4057 2498 4119 K
2540 4054 2815 4119 conlatis
2863 4057 3134 4140 apparet
3178 4053 3449 4118 eundem
3501 4053 3570 4118 in
3615 4057 3889 4139 utroque
3933 4054 4149 4120 codice
4200 4054 4329 4140 legi
4375 4075 4554 4120 com-

835 4161 1246 4244 mentarium,
1291 4181 1682 4245 quamquam
1725 4160 1795 4224 in
1831 4158 2159 4225 Marciano
2193 4182 2325 4226 non
2360 4160 2547 4226 nulla
2585 4160 2844 4244 desunt,
2880 4182 3044 4245 quae
3081 4163 3149 4226 in
3176 4163 3247 4225 K
3279 4159 3720 4244 inveniuntur,
3758 4165 3950 4245 atqoe
3991 4160 4267 4225 aliorum
4297 4182 4553 4245 quoque

839 4268 1330 4336 scholiastarum
1375 4265 1650 4331 frustula
1694 4266 1766 4329 in
1804 4265 2001 4332 Marc.
2049 4266 2336 4332 admixta
2383 4271 2535 4332 sunt
2582 4265 2775 4353 (quae
2810 4270 3031 4332 tamen
3066 4266 3321 4331 aliunde
3369 4270 3632 4350 sumpta
3668 4288 3806 4331 esse
3845 4270 4178 4333 auctorum
4213 4267 4482 4332 nomina
4493 4263 4552 4352 ²)
4579 4326 4604 4347 ,

1154 4440 1208 4508 1)
1246 4456 1300 4508 p.
1339 4444 1459 4505 812,
1502 4444 1557 4493 1.
1594 4434 1665 4494 τὰ
1702 4441 2135 4512 παραδείγματα
2170 4434 2345 4503 αὖτὸς
2380 4443 2698 4509 παρατίθετ
2667 4461 2786 4511 τ,αι
2824 4436 2920 4496 ἐπὶ
2956 4439 3063 4511 μὲν
3097 4441 3198 4497 τοῦ
3235 4447 3280 4496 πῖ
3317 4438 3721 4512 παραθέμενος
3755 4436 3857 4498 τὸν
3899 4442 4088 4511 στίχον
4124 4441 4326 4497 τοῦτον
4361 4436 4550 4496 «ἄλλά

837 4544 933 4596 μοι
969 4521 1090 4596 εἴφ’
1131 4545 1245 4600 οπῃ
1285 4524 1441 4598 ἔσχες
1478 4524 1648 4583 Iouam·
1686 4524 1751 4583 τὸ
1789 4547 1898 4599 γαρ
1937 4520 2229 4593 &nel-tc*
2192 4549 2281 4599 nv,
2318 4524 2460 4583 ἀλλά
2499 4548 2595 4600 μοι
2631 4528 2754 4586 εἰπέ
2794 4548 2905 4601 οπῃ
2945 4528 3102 4600 ἔσχες
3139 4527 3263 4585 ἰών·
3303 4529 3401 4585 καὶ
3437 4525 3635 4585 διὰτὸ
3674 4528 3878 4601 μέτρον
3902 4525 3967 4584 τὸ
4006 4533 4034 4584 ’ἐ
4071 4524 4408 4600 ἀπεστράφη
4444 4530 4550 4586 τοῦ

837 4612 990 4685 εἶπέ,
1033 4614 1132 4670 καὶ
1177 4614 1259 4679 εἰς
1302 4612 1470 4672 vove
1437 4612 1615 4672 τόπον
1658 4618 1761 4672 to&
1801 4621 1829 4672 ἓ
1874 4618 1976 4672 τοῦ
2029 4614 2404 4720 ἐκβληθέντος
2451 4614 2571 4674 ἔδει
2613 4619 2792 4688 τεθῆν
2759 4639 2858 4674 ναι
2892 4614 2955 4673 τὸ
2996 4621 3026 4673 ὃ
3062 4620 3164 4673 τοῦ
3200 4612 3340 4691 ὅπῃ,
3386 4611 3454 4675 οὗ
3502 4617 3895 4689 δασυνομένου
3942 4612 4048 4673 οὐκ
4095 4613 4434 4690 ἐτόλμησετ
4403 4613 4466 4674 τὸ
4505 4623 4551 4674 iz

835 4699 1173 4774 ὑποστῆναι,
1212 4698 1419 4759 ἄλλὰτ
1388 4700 1452 4760 τὸ
1493 4702 1647 4761 ἰσόστ
1616 4724 1804 4774 τοιχον
1841 4700 2021 4761 αὐτοῦ
2057 4726 2102 4775 φ
2140 4701 2241 4761 τὸν
2275 4702 2453 4761 τόπον
2488 4701 2803 4762 αὐτοῦτοῦ
2837 4712 2880 4762 ἴε
2915 4703 3331 4779 ἀνεπλήρωσεν.
3401 4703 3528 4763 Ἐπὶ
3563 4706 3628 4763 δὲ
3675 4706 3776 4763 τοῦ
3822 4711 3858 4762 ἱ
3893 4704 4182 4777 παρέθετο
4219 4704 4321 4762 τὸν
4358 4709 4548 4777 στίχον

834 4795 1038 4849 τοῦτον
1075 4788 1229 4849 «αυτ
1230 4788 1307 4864 [χ’
1346 4789 1378 4849 ὃ
1417 4792 1524 4865 μὲν
1557 4798 1864 4865 χλαῖναν»·
1901 4793 2001 4849 καὶ
2036 4789 2201 4849 διὰτ
2168 4789 2232 4850 τὸ
2272 4793 2375 4865 μέτ
2345 4814 2477 4864 τρον
2511 4789 2848 4865 ἀπεστράφη
2892 4792 2955 4851 τὸ
2993 4804 3032 4850 ᾶ
3080 4792 3143 4851 τὸ
3190 4801 3588 4852 τελευταῖοντ
3557 4796 3659 4851 τοῦ
3703 4790 3938 4867 autina,
3984 4793 4066 4860 εἰς
4111 4795 4175 4852 δὲ
4221 4792 4322 4852 τὸν
4366 4792 4547 4853 τόπον

834 4883 937 4938 τοῦ
974 4889 1013 4937 ἆ·
1051 4879 1170 4938 ἔδει
1204 4884 1516 4952 τεθῆναιτ
1484 4880 1548 4939 τὸ
1588 4904 1618 4939 ο
1655 4878 1797 4952 ὅπερ
1834 4881 2016 4939 δασύν
1983 4901 2164 4939 verm·
2201 4880 2266 4939 τὸ
2306 4875 2480 4940 mira
2446 4884 2606 4953 κτῆς
2633 4885 2863 4948 δασείας
2891 4880 2985 4941 ἐπι
2987 4885 3236 4955 φερομέν
3204 4905 3304 4954 νης
3330 4881 3664 4956 ὑπεστάληϊ
3655 4886 3778 4941 καὶ
3802 4884 4111 4954 παρεισέδυ
4138 4882 4203 4941 τὸ
4234 4880 4550 4956 ὶσόστοιχον

836 4964 912 5027 αὖ
914 4971 1016 5026 τοῦ
1052 4966 1116 5025 τὸ
1154 4972 1205 5042 Ξ.
1270 4967 1504 5042 Ὁμοίως
1539 4970 1638 5027 καὶ
1674 4966 1835 5027 ἐπὶτ
1805 4972 1905 5027 τοῦ
1940 4973 1976 5028 ἶ
2013 4965 2131 5034 «ως
2158 4967 2351 5057 ἔφαθ’
2357 5015 2371 5042 ,
2410 4970 2469 5027 οἱ
2508 4967 2564 5027 δ’
2606 4992 2719 5042 αρα
2763 4969 3039 5037 minem·
3095 4970 3159 5029 τὸ
3197 4969 3305 5044 γὰρ
3343 4965 3633 5037 ἐντελὲς
3597 4994 3671 5044 ⁷1⁹
3706 4994 3783 5038 ως
3821 4971 4029 5044 ἔφατο,
4075 4973 4173 5029 καὶ
4209 4969 4548 5045 ἀπεστράφη

835 5055 899 5113 τὸ
938 5062 973 5112 ὃ
1008 5057 1105 5114 διὰ
1142 5055 1204 5114 τὸ
1245 5057 1450 5132 μέτρον
1484 5058 1582 5114 καὶ
1611 5056 1675 5115 τὸ
1713 5063 1750 5113 ἴ
1787 5055 1999 5130 ἐτράπη
2038 5059 2120 5123 εἰς
2153 5065 2201 5116 θ’
2235 5057 2332 5116 διὰ
2370 5056 2474 5130 τὴν
2513 5056 2798 5131 ἐπιφορὰν
2834 5063 2934 5117 τοῦ
2982 5060 3040 5117 οἷ
3081 5059 3488 5132 ὃασυνομένου.
3787 5066 3841 5130 2)
3877 5062 4174 5132 Porphyrii
4205 5079 4412 5120 nomen
4448 5064 4550 5119 ad-

838 5147 1108 5218 scriptum
1144 5151 1232 5203 est
1266 5148 1339 5203 ad
1378 5152 1497 5217 757,
1535 5154 1566 5203 7
1606 5147 1702 5219 (ad
1737 5166 1790 5205 v.
1824 5155 1887 5204 13
1926 5149 2036 5205 fuit
2069 5149 2481 5221 adponendum)
2520 5152 2578 5206 et
2613 5156 2734 5218 769,
2763 5157 2822 5218 4;
2863 5150 3136 5221 Stephani
3170 5151 3245 5205 ad
3281 5156 3401 5217 759,
3432 5157 3501 5206 26
3538 5153 3599 5207 et
3626 5158 3746 5222 760,
3780 5157 3862 5207 10.
