4809 5959
2428 479 2868 545 ...26-

789 652 870 724 τά
900 654 1165 725 τούτων
1202 654 1537 742 ποιήματα
1575 653 2137 743 συγγραψάμενοι.
2230 655 2533 741 Λέγομεν
2581 652 2654 722 δὲ
2699 654 3110 743 τρανοτέρως
3153 655 3304 744 περὶ
3350 658 3632 741 ποιητοῦ
3677 654 3788 721 καὶ
3834 656 4308 743 συγγραφέων,
4363 648 4515 723 οἷον

788 760 1065 849 ποιητὴς
1101 762 1223 850 μὲν
1263 759 1299 831 6
1337 760 1568 851 κύριος
1603 761 1714 828 καὶ
1760 758 1922 842 θεὸς
1966 759 2157 849 ήμῶν
2199 758 2456 848 Ἰησοῦς
2493 763 2806 848 Χριστός,
2853 774 3261 849 συγγραφεῖς
3306 761 3380 830 δὲ
3427 767 3815 848 Ματθατος,
3863 759 4175 849 Μάρκος,
4225 765 4515 848 Λουκᾶς,

785 868 1118 954 Ἰωάννης.
1164 867 1521 955 Ποιήματα
1567 868 1642 936 δὲ
1686 871 1808 936 τοῦ
1846 864 2137 955 Ὁμήρου
2181 865 2223 954 ἡ
2266 864 2464 948 Ἰλιὰς
2507 867 2619 934 καὶ
2664 864 2707 954 ἡ
2749 864 3118 936 Ὀδύσσεια·
3174 867 3655 956 συγγράμματα
3703 867 3779 936 δὲ
3831 866 3911 936 τὰ
3968 866 4139 937 αὐτὰ
4189 874 4513 937 νοείσθω·

792 975 898 1045 ἐπὶ
952 973 1027 1044 δὲ
1082 979 1204 1043 τοῦ
1250 980 1489 1063 κυρίου
1534 971 1727 1062 ἡμῶν
1771 974 2105 1062 ποιήματα
2152 973 2272 1061 μὲν
2318 971 2397 1041 τὰ
2447 972 2702 1061 ἀόρατα
2745 974 2858 1042 καὶ
2902 971 2982 1041 τὰ
3032 970 3241 1062 ὁρατὰ
3295 979 3646 1061 κτίσματα,
3699 975 3811 1043 καὶ
3858 973 4422 1063 (συγγράμματα)
4472 972 4513 1061 ἡ

720 1102 754 1150 5
791 1080 1038 1150 παλαιὰ
1057 1083 1169 1150 καὶ
1188 1082 1308 1150 νέα
1328 1082 1621 1169 διαθήκη
1650 1079 2178 1169 ήσυγγραφεῖσα
2205 1077 2337 1149 ὑπὸ
2359 1082 2708 1161 Μωϋσέως
2732 1082 2844 1149 καὶ
2870 1084 3006 1149 τῶν
3034 1084 3289 1150 λοιπῶν
3315 1084 3682 1170 προφητῶν
3707 1081 3821 1149 καὶ
3847 1084 3984 1150 τῶν
4010 1079 4514 1168 εύαγγελιστῶν.

1119 1194 1203 1257 Τί
1262 1189 1343 1256 δέ
1403 1191 1539 1257 ἐστι
1605 1185 1741 1269 «ῶς
1803 1189 1908 1257 ἐπὶ
1953 1186 2127 1257 πολὺ
2172 1188 2625 1274 λεγομένων»;
2690 1189 3045 1257 Τουτέστιν
3093 1187 3198 1257 ἐπὶ
3243 1184 3416 1257 πολὺ
3460 1189 3958 1274 μελετωμένων·
4003 1186 4079 1257 τὸ
4126 1186 4256 1277 γὰρ
4302 1186 4394 1256 δι’
4448 1185 4514 1257 ό-

793 1300 987 1382 λίγου
1052 1295 1510 1382 μελετώμενον
1564 1294 1945 1381 δυσνόητόν
2000 1296 2179 1363 ἐστιν
2233 1288 2276 1381 ἢ
2331 1298 2669 1374 παντελῶς
2721 1292 3017 1380 ἀνόητον
3070 1294 3182 1362 καὶ
3237 1292 3613 1382 ἀκράτητον
3667 1294 3779 1362 καὶ
3832 1291 4373 1383 ἀμνημόνευτον·
4435 1291 4513 1364 τὸ

795 1401 870 1469 δὲ
926 1402 1030 1470 ἐπὶ
1087 1400 1258 1470 πολὺ
1315 1401 1770 1489 μελετώμενον
1827 1400 1932 1470 ἐπὶ
1987 1398 2159 1470 πολὺ
2217 1400 2514 1487 διαμένει
2572 1401 2645 1469 έν
2697 1404 2779 1490 τῇ
2834 1397 3118 1490 ἡμετέρα
3171 1398 3415 1489 μνήμῃ.
3506 1401 3746 1489 «Μέρη
3801 1400 3878 1468 δὲ
3932 1398 4138 1488 αὐτῆς
4192 1403 4373 1469 ἐστιν
4419 1401 4516 1483 ἒξ·

791 1510 1062 1595 πρῶτον
1119 1505 1500 1595 ἀνάγνωσις
1554 1505 1860 1594 ἐντριβὴς
1913 1505 2076 1575 κατὰ
2135 1509 2584 1599 προσῳδίαν».
2683 1513 2769 1574 Τί
2819 1509 2999 1575 ἐστιν
3045 1503 3455 1592 ἀνάγνωσις,
3510 1506 3620 1574 καὶ
3674 1511 3745 1574 τί
3784 1508 3963 1575 ἐστιν
4011 1506 4345 1595 ἐντριβής,
4402 1507 4515 1575 καὶ

688 1634 756 1683 10
793 1620 862 1682 τί
904 1616 1041 1683 ἐστι
1088 1612 1252 1681 κατὰ
1301 1618 1719 1705 προσφδίανς
1775 1611 2260 1700 «Ἀνάγνωσις»
2306 1613 2428 1700 μὲν
2477 1616 2550 1682 έν
2595 1619 2925 1706 προχείρῳ
2973 1612 3154 1681 ἐστὶν
3198 1610 3740 1701 ἀναγνωρισμός,
3789 1606 3939 1681 οἷον
3984 1612 4317 1701 έγνώρισά
4362 1638 4516 1682 τινα

792 1723 904 1790 καὶ
949 1720 1376 1808 λησμονήσας
1419 1721 1623 1789 πάλιν
1670 1718 2090 1807 ἀνεγνώρισα
2136 1718 2371 1788 αὐτόν·
2437 1718 2818 1806 ἀνάγνωσις
2871 1718 2948 1788 δὲ
3001 1726 3246 1806 κυρίως
3301 1719 3481 1788 ἐστὶν
3535 1716 3577 1806 ἡ
3625 1717 3705 1787 τὰ
3760 1718 3902 1788 ἀνω
3958 1719 4173 1807 ἤγουν
4228 1718 4307 1788 τὰ
4363 1720 4514 1807 περὶ

792 1831 966 1896 θεοῦ
1012 1826 1438 1914 γινώσκουσα
1483 1831 1748 1914 γνῶσις.
1838 1823 2258 1914 «Ἐντριβής»
2314 1825 2389 1895 δὲ
2442 1829 2702 1914 λέγεται
2748 1824 2790 1913 ἡ
2838 1830 3086 1914 γνῶσις
3129 1823 3171 1914 ἡ
3220 1823 3341 1914 τὴν
3386 1830 3621 1915 τρίβον
3666 1829 3783 1914 τῆς
3828 1833 4070 1914 σοφίας
4114 1829 4334 1906 καλῶς
4379 1828 4514 1894 έπι·

796 1935 1102 2020 σταμένη.
1195 1931 1427 2001 «Κατὰ
1475 1937 1908 2025 προσῳδίαν»
1964 1934 2044 2001 δέ
2093 1933 2273 2001 ἐστιν
2318 1929 2359 2019 ή
2409 1936 2657 2019 γνῶσις
2700 1934 2837 2002 τῶν
2884 1933 3043 2000 δέκα
3089 1936 3507 2025 προσῳδιῶν.
3599 1937 4043 2018 Διαιροῦνται
4098 1932 4174 2000 δὲ
4230 1935 4306 2000 αί
4354 1958 4514 2020 προ-

795 2042 1035 2128 σῳδίαι
1090 2043 1185 2121 εἰς
1243 2041 1559 2127 τέσσαρα,
1624 2043 1718 2120 εἰς
1771 2038 2014 2120 τόνους
2085 2038 2100 2061 '
2166 2036 2181 2060 ⁸
2252 2044 2306 2126 ”,
2370 2043 2465 2120 είς
2527 2041 2811 2127 χρόνους
2871 2045 2895 2059 “
2960 2042 3014 2125 “’,
3078 2043 3173 2121 εἰς
3235 2037 3576 2126 πνεύματα
3649 2035 3667 2061 ‘
3745 2037 3789 2123 ’,
3855 2043 3949 2120 εἰς
4010 2038 4200 2125 πάθη
4270 2037 4285 2062 ’
4355 2095 4403 2110 v

690 2167 756 2215 15
791 2145 903 2213 καὶ
948 2147 1177 2233 πρέπει
1224 2144 1308 2233 δὴ
1354 2144 1474 2215 τὸν
1520 2144 2070 2233 ἀναγινώσκοντα
2115 2144 2279 2214 κατὰ
2327 2145 2568 2227 τόνους
2611 2144 2723 2213 καὶ
2767 2144 3057 2234 χρόνους
3099 2147 3211 2214 καὶ
3256 2145 3598 2233 πνεύματα
3633 2145 3745 2214 καὶ
3781 2145 3970 2233 πάθη
4009 2143 4517 2232 ἀναγινώσκειν.

794 2252 1179 2339 «Δεύτερον
1208 2253 1511 2341 ἐξήγησις
1546 2253 1711 2322 κατὰ
1749 2252 1906 2336 τοὺς
1941 2253 2438 2342 ἐνυπάρχοντας
2472 2251 2858 2339 ποιητικοὺς
2892 2252 3242 2341 τρόπους».
3313 2252 3457 2340 Χρὴ
3494 2254 3849 2340 γινώσκειν
3886 2259 3955 2321 τί
3982 2255 4162 2321 ἐστιν
4191 2253 4516 2341 ἐξήγησις,

792 2357 905 2425 καὶ
958 2365 1029 2426 τί
1077 2359 1401 2447 διήγημα,
1462 2360 1573 2427 καὶ
1629 2366 1698 2428 τί
1747 2359 2080 2447 διήγησις,
2143 2360 2255 2428 καὶ
2309 2365 2378 2427 τί
2432 2359 2734 2447 διαφέρει
2792 2359 3086 2448 διήγημα
3142 2358 3508 2447 διηγήσεως
3560 2359 3670 2427 καὶ
3729 2359 4031 2448 ἐξήγησις
4085 2359 4517 2447 διηγήματος·

793 2465 904 2531 καὶ
949 2464 1024 2533 τὸ
1073 2465 1197 2553 μὲν
1244 2466 1536 2554 διήγημα
1581 2472 1865 2556 μερικῶς
1911 2470 2265 2554 διηγεῖται,
2334 2463 2375 2554 ἡ
2433 2464 2508 2534 δὲ
2565 2466 2870 2553 διήγησις
2922 2464 3256 2551 καθόλου,
3325 2462 3364 2552 ἦ
3423 2464 3499 2534 δὲ
3553 2463 3857 2554 ἐξήγησις
3902 2464 4335 2555 ἀκριβεστέρα
4381 2465 4518 2535 ἐστὶ

792 2576 915 2641 τοῦ
955 2571 1376 2660 διηγήματος.
1457 2578 1541 2641 Τί
1574 2574 1654 2641 δέ
1688 2575 1825 2642 ἐστι
1872 2569 2078 2641 «κατὰ
2116 2569 2274 2653 τοὺς
2311 2570 2810 2661 ένυπάρχοντας
2850 2573 3209 2660 τρόπους»;
3265 2570 3525 2658 Τρόπος
3572 2572 3709 2640 ἐστὶ
3746 2572 4135 2663 παρατροπὴ
4174 2570 4517 2661 ἀληθείας,

690 2698 758 2747 20
796 2676 885 2760 ώς
932 2678 1095 2748 ὅταν
1142 2687 1429 2767 εἴπωμεν
1476 2676 1750 2767 φωνὴν
1797 2683 2099 2748 ἔδωκαν
2145 2681 2229 2745 αἱ
2269 2679 2621 2766 νεφέλαι·
2670 2674 2864 2765 φωνὴ
2910 2675 3039 2766 γὰρ
3085 2675 3360 2764 ἀληθῶς
3394 2674 3437 2765 ἡ
3477 2680 3548 2746 ἐκ
3583 2683 3711 2746 νοῦ
3746 2680 4200 2767 προερχομένη
4240 2680 4517 2764 λέγεται,

796 2785 935 2854 ἐπεὶ
990 2784 1102 2853 καὶ
1158 2788 1305 2872 φῶς
1357 2788 1485 2853 νοῦ
1543 2787 2036 2873 έτυμολογεῖται
2092 2784 2305 2872 φωνή.
2408 2784 2761 2872 Ποιητικοὶ
2814 2783 3050 2871 τρόποι
3107 2784 3279 2852 εἰσὶν
3342 2785 3468 2867 κζ’·
3536 2784 3707 2873 ζήτει
3771 2783 4016 2866 αὐτοὺς
4082 2788 4156 2855 έν
4212 2788 4302 2877 τῷ
4367 2785 4518 2870 περὶ

793 2890 1062 2980 τρόπων
1092 2898 1437 2980 Γεωργίου
1455 2895 1940 2980 Χοιροβοσκοῦ.
1989 2899 2121 2960 Δεῖ
2143 2888 2270 2978 γὰρ
2299 2888 2420 2960 τὸν
2450 2888 2907 2979 γραμματικὸν
2934 2890 3045 2957 καὶ
3072 2896 3497 2978 κυριολογίας
3523 2891 3636 2959 καὶ
3664 2898 4100 2980 τροπολογίας
4135 2891 4520 2979 γινώσκειν·

794 3006 1189 3087 κυριολογία
1234 3001 1315 3068 δέ
1357 3002 1536 3067 ἐστιν
1582 2994 1624 3086 ἡ
1660 3004 1906 3085 κυρίως
1952 3000 2289 3067 τουτέστιν
2325 2995 2623 3086 ἀληθινὰ
2660 2998 2977 3085 λέγουσα,
3023 3004 3427 3085 τροπολογία
3465 3000 3544 3066 δέ
3578 2999 3714 3067 ἐστι
3750 2996 4141 3088 παρατροπὴ
4178 2997 4519 3085 ἀληθείας.

797 3113 1089 3193 «Τρίτον
1136 3109 1461 3193 γλωσσῶν
1505 3131 1577 3174 τε
1622 3105 1732 3172 καὶ
1764 3107 2079 3194 ἱστοριῶν
2106 3104 2457 3194 πρόχειρος
2485 3101 2868 3184 ἀπόδοσις».
2948 3109 3033 3171 Τί
3065 3107 3201 3173 ἐστι
3229 3109 3499 3192 γλῶσσα
3552 3104 3663 3172 καὶ
3712 3107 3970 3192 ἱστορία
4013 3106 4124 3173 καὶ
4168 3105 4519 3193 πρόχειρος

690 3231 758 3280 25
796 3211 1150 3295 ἀπόδοσις;
1206 3211 1489 3282 Γλῶσσά
1540 3214 1719 3281 ἐστιν
1769 3215 2014 3299 ἰδίωμα
2060 3213 2438 3280 διαλέκτου·
2494 3209 2828 3279 διάλεκτοι
2884 3211 2964 3277 δέ
3006 3213 3177 3289 εἰσιν
3222 3211 3562 3299 ἑλληνικαὶ
3609 3210 3692 3279 ε’·
3745 3207 3903 3298 Ἱάς,
3955 3208 4208 3298 Ἀτθίς,
4269 3216 4519 3298 Δωρίς,

796 3322 1060 3406 Αἰολίς,
1123 3318 1337 3406 κοινή.
1434 3315 1566 3399 Ἰὰς
1629 3318 1751 3406 μὲν
1817 3317 2068 3405 ἐκλήθη
2123 3315 2166 3405 ἡ
2221 3321 2358 3385 τῶν
2413 3313 2692 3402 Ἰώνων,
2756 3314 2888 3385 ἀπὸ
2936 3313 3173 3398 Ἴωνος
3225 3321 3345 3386 τοῦ
3395 3315 3810 3400 ’Λπόλλωνος
3853 3319 3964 3386 καὶ
4010 3316 4358 3405 Κρεούσης
4402 3321 4521 3404 τῆς

791 3424 1157 3513 Ἐρεχθέως
1200 3426 1569 3515 θυγατρός,
1617 3421 1704 3513 ἣν
1743 3429 2032 3512 ἔγραψεν
2080 3420 2117 3492 6
2148 3420 2459 3511 Ὅμηρος·
2503 3420 2725 3504 Ἀτθίς
2769 3422 2845 3491 δὲ
2890 3421 2932 3511 ἡ
2978 3428 3115 3493 τῶν
3156 3421 3494 3511 Ἀττικῶν,
3542 3422 3673 3494 ἀπὸ
3716 3421 4023 3505 Ἀτθίδος
4047 3428 4165 3512 τῆς
4192 3423 4519 3512 Κρανάου

795 3533 1164 3620 θυγατρός,
1212 3528 1298 3620 ἣν
1346 3537 1634 3622 ἔγραψεν
1676 3528 2187 3621 Ἀριστοφάνης·
2235 3530 2466 3618 Δωρὶς
2503 3527 2577 3597 δὲ
2622 3527 2664 3617 ἡ
2710 3534 2848 3599 τῶν
2886 3531 3243 3619 Δωριέων,
3290 3527 3421 3598 ἀπὸ
3462 3529 3713 3620 Δώρου
3748 3534 3870 3599 τοῦ
3896 3527 4221 3617 ’Ἐλληνος
4257 3528 4519 3615 παιδός,

793 3637 884 3727 ἢν
931 3644 1220 3726 ἔγραψεν
1266 3637 1646 3727 Θεόκριτος·
1693 3637 1930 3719 Αἰολὶς
1975 3636 2049 3706 δὲ
2096 3634 2228 3706 ἀπὸ
2278 3635 2540 3705 Αἰόλου
2593 3639 2715 3704 τοῦ
2753 3633 3079 3724 ’Ἕλληνος
3131 3636 3399 3723 παιδός,
3457 3633 3545 3724 ἢν
3601 3641 3887 3724 ἔγραψεν
3938 3634 4261 3717 Ἀλκαῖος·
4325 3634 4520 3723 κοινὴ

690 3766 758 3815 30
798 3747 872 3816 δὲ
917 3737 961 3836 ᾖ
1008 3745 1247 3827 πάντες
1291 3744 1640 3835 χρώμεθα,
1695 3742 1782 3831 ἢν
1838 3748 2127 3833 ἔγραψεν
2174 3746 2535 3830 Πίνδαρος.
2627 3742 2764 3810 Καὶ
2820 3747 2927 3812 δεῖ
2975 3741 3098 3811 τὸν
3152 3741 3609 3832 γραμματικὸν
3665 3744 4061 3811 ἐπίστασθαι
4115 3740 4350 3828 αὐτάς,
4405 3745 4520 3810 ἵνα

799 3851 961 3922 ὅταν
1007 3851 1265 3941 ἀκούσῃ
1311 3850 1387 3921 τὸ
1435 3853 1682 3939 βλέπω
1729 3854 1907 3940 ῥῆμα
1955 3853 2028 3919 έν
2075 3850 2394 3942 διαλέκτῳ
2445 3850 2597 3939 ξένῃ
2645 3849 3010 3938 λεγόμενον
3057 3851 3303 3937 δέρκω
3357 3848 3684 3938 καὶξθρῶ
3741 3849 3852 3916 καὶ
3908 3848 4113 3918 ὅπτω
4159 3849 4269 3917 καὶ
4316 3850 4518 3918 λέπω

797 3959 1092 4050 γινώσκῃ
1139 3958 1216 4029 τὸ
1266 3957 1430 4029 αὐτὸ
1478 3956 1668 4027 εἶναι.
1763 3956 2050 4048 Ἰστορία
2097 3958 2177 4025 δέ
2219 3958 2400 4024 ἐστιν
2439 3953 2480 4043 ή
2520 3961 2823 4026 παλαιῶν
2870 3956 3277 4045 πραγμάτων
3333 3960 3577 4044 ἔχουσα
3634 3951 4001 4043 ἀφήγησιν·
4047 3954 4400 4044 πρόχειρος
4446 3955 4522 4024 δὲ

797 4065 1120 4147 ἀπόδοσίς
1169 4069 1350 4136 ἐστιν
1397 4065 1659 4153 ἕτοιμος
1704 4063 2071 4151 ἀπόκρισις.

1116 4261 1347 4319 DISCR.
1387 4261 1535 4318 SCR.
1574 4260 1656 4316 IN
1692 4259 1862 4316 LHR
1933 4261 1967 4315 1
2004 4254 2320 4331 ποιήματα]
2361 4253 2766 4329 συγγράμματα
2801 4257 2857 4312 R
2898 4263 2907 4327 Ι
2946 4255 3197 4328 λέγωμεν
3233 4257 3289 4311 R
3334 4261 3343 4325 Ι
3391 4252 3730 4328 τρανότερον
3764 4256 3901 4313 RH
3933 4256 4111 4327 Γπερὶ
4148 4259 4385 4326 ποιητοῦ
4424 4258 4522 4312 καὶ

797 4349 1170 4422 συγγραφέων
1206 4351 1282 4406 L:
1319 4370 1377 4408 π.
1415 4350 1654 4419 ποιητοῦ
1690 4349 1791 4404 καὶ
1826 4345 2194 4419 συγγραφέως
2220 4346 2302 4415 R,
2338 4345 2470 4416 περὶ
2497 4347 2744 4416 ποιητῶν
2780 4365 2839 4402 τε
2878 4344 2978 4401 καὶ
3013 4344 3387 4417 συγγραφέων
3426 4347 3595 4417 11112
3633 4341 3847 4418 κύριος]
3881 4342 4096 4416 Ἰησοῦς
4121 4346 4176 4400 L
4204 4347 4214 4416 Ι
4245 4345 4346 4401 καὶ
4378 4344 4521 4411 θεὸς

798 4475 905 4513 om.
934 4457 1003 4512 H
1026 4460 1036 4527 Ι
1065 4452 1226 4526 ἡμῶν
1256 4473 1362 4513 om.
1388 4457 1444 4512 R
1469 4458 1490 4526 ΙΙ
1515 4455 1554 4512 4
1580 4458 1708 4526 post
1733 4452 1894 4527 ἡμῶν
1921 4454 2049 4510 add.
2076 4457 2137 4509 ῖυ
2163 4459 2235 4524 ῐῢ
2262 4451 2318 4507 R
2348 4453 2360 4523 1
2388 4450 2461 4509 τὰ
2490 4447 2667 4524 ὁρατὰ
2695 4452 2796 4509 καὶ
2821 4449 2888 4508 τὰ
2917 4447 3137 4522 ἀόρατα
3156 4453 3225 4507 H
3248 4457 3256 4523 1
3290 4449 3692 4525 συγγράμματα
3720 4469 3751 4507 e
3781 4451 4013 4508 coniect.
4042 4452 4169 4508 add.
4196 4456 4219 4523 ss
4245 4452 4281 4508 5
4307 4453 4519 4509 λοιπῶν

799 4563 906 4602 om.
936 4546 1007 4602 H
1024 4550 1044 4617 ΙΙ
1069 4547 1109 4601 6
1145 4549 1278 4602 ante
1304 4541 1447 4601 πολὺ
1475 4545 1601 4601 add.
1632 4540 1697 4599 τὸ
1730 4543 1855 4599 HR
1886 4555 1895 4609 ι
1926 4542 2212 4599 τουτέστιν
2252 4573 2316 4583 —-
2359 4541 2781 4615 μελετωμένων]
2819 4537 2883 4598 τὸ
2923 4536 3067 4597 κατὰ
3103 4536 3248 4598 πολύ
3286 4539 3671 4613 μελετώμενον
3708 4543 3806 4597 καὶ
3839 4537 4156 4613 νοούμενον
4184 4542 4252 4597 Η
4270 4544 4291 4613 ΙΙ
4316 4542 4353 4598 8
4389 4545 4520 4598 ante

796 4637 952 4708 prius
990 4631 1130 4691 πολῦ
1172 4634 1299 4691 add.
1336 4631 1401 4690 τὸ
1440 4635 1508 4689 H
1531 4636 1541 4703 1
1584 4629 1760 4705 ἐστιν]
1802 4631 1944 4689 εἰσιν
1981 4631 2049 4686 H
2086 4633 2106 4700 Ι
2151 4632 2224 4686 11
2262 4634 2583 4701 λισμονίσας
2618 4631 2672 4685 L
2711 4626 3128 4703 ἐπιλαθόμενος
3163 4631 3232 4686 Η
3254 4634 3266 4702 l
3295 4626 3512 4702 ἀνεγν]
3552 4627 3827 4701 ἐγνώρισα
3863 4631 3919 4686 R
3965 4635 3975 4701 Ι
4024 4630 4176 4703 περὶ]
4214 4628 4368 4700 παρὰ
4405 4631 4474 4686 H
4503 4632 4520 4701 ΙΙ

799 4726 873 4782 18
920 4722 987 4781 αἰ
1026 4724 1361 4799 προσωδίαι]
1401 4717 1572 4779 αὗται
1609 4723 1678 4777 H
1714 4725 1734 4793 ΙΙ
1779 4721 1853 4777 15
1898 4719 2103 4791 πρέπει
2148 4715 2246 4792 δὴ]
2285 4721 2387 4774 δει
2413 4719 2541 4775 HR
2588 4723 2597 4791 Ι
2647 4720 2717 4776 17
2767 4718 2865 4775 καὶ
2901 4722 2962 4775 τί
2997 4716 3244 4791 διήγημα
3281 4737 3389 4776 om.
3427 4721 3491 4775 H
3521 4723 3530 4789 1
3562 4719 3660 4775 καὶ
3698 4713 3950 4792 ἕξήγημα
3986 4714 4296 4789 διηγήσεως
4334 4719 4387 4773 L
4423 4717 4521 4774 καὶ

798 4811 1050 4885 ἐξήγημα
1089 4808 1402 4883 ἐξηγήσεως
1438 4812 1507 4867 Η
1525 4815 1546 4884 ΙΙ
1571 4811 1648 4868 18
1684 4810 1779 4865 καὶ
1816 4807 1904 4881 τὸ]
1944 4828 2034 4865 οτι
2067 4803 2189 4863 L*
2158 4829 2245 4864 οτι
2281 4807 2345 4865 τὸ
2381 4808 2439 4864 R
2471 4811 2492 4879 fl
2528 4808 2602 4865 19
2644 4808 2738 4881 Τί]
2775 4808 2857 4872 τίς
2892 4807 2949 4863 R
2973 4810 2994 4879 ΙΙ
3020 4808 3090 4863 21
3132 4809 3222 4881 κζ’]
3258 4810 3356 4863 καὶ
3391 4808 3448 4863 R
3472 4810 3494 4879 fl
3518 4808 3595 4863 22
3635 4809 3921 4879 Γεωργίου
3958 4825 4068 4863 om.
4097 4807 4163 4861 H
4190 4809 4199 4874 Ι
4229 4810 4359 4878 post
4385 4812 4520 4861 Χοι

797 4903 1074 4976 ροβοσκοῦ
1109 4902 1238 4958 add.
1275 4901 1405 4973 περὶ
1440 4903 1794 4971 κυριολογίας
1820 4897 1876 4954 R
1919 4901 1940 4970 Ι
1983 4898 2059 4954 23
2095 4901 2419 4969 κυριολογία
2458 4930 2524 4939 -
2564 4896 2805 4968 λέγουσα
2841 4912 2947 4952 om.
2988 4898 3056 4952 H
3098 4900 3107 4966 1
3155 4901 3286 4968 post
3320 4893 3600 4967 ἀληθείας
3638 4897 3763 4953 add.
3802 4893 3877 4961 ῶς
3925 4895 4148 4968 ἔφαμεν
4185 4896 4255 4951 H
4288 4900 4310 4967 Π
4354 4894 4430 4951 24
4463 4897 4524 4950 τί

798 4988 917 5048 ἐστι
951 4992 1211 5062 γλωσσῶν
1246 5010 1306 5047 τε
1345 4992 1443 5047 καὶ
1480 4986 1735 5057 ἱστοριῶν
1771 4987 1931 5061 πρόχ.
1968 4985 2063 5046 ἀπ.
2102 4987 2159 5043 R
2201 4990 2222 5059 ΙΙ
2265 4987 2342 5044 26
2372 4983 2482 5052 Ἰὰς
2518 4985 2623 5059 μὲν
2651 5018 2718 5028 -
2747 4988 3036 5056 Πίνδαρος
3073 4987 3196 5059 (80)
3232 5003 3340 5044 om.
3378 4987 3434 5042 R
3477 4990 3498 5056 ss
3541 4986 3612 5041 27
3651 4980 3749 5057 ἣν]
3786 4980 3824 5055 ᾖ
3861 4984 3953 5059 Hk
3987 4986 4128 5041 item
4165 4985 4271 5055 28,
4309 4984 4407 5057 29,
4444 4983 4523 5039 w

798 5080 870 5136 8¹2
919 5079 1165 5149 κρανίου
1202 5080 1335 5134 LH
1369 5082 1390 5150 Ι
1432 5078 1508 5134 29
1550 5073 1837 5148 Ἀλκμεῦος
1872 5079 1926 5133 L
1957 5073 2260 5149 Ἀλκμαίων
2295 5077 2366 5132 H
2399 5079 2421 5147 ΙΙ
2464 5077 2541 5134 80
2575 5071 2744 5147 χρώμ.
2783 5071 2878 5148 ἣν]
2918 5073 3088 5147 χρώμ.
3124 5072 3303 5149 ταύτῃ
3340 5077 3408 5131 H
3426 5077 3447 5146 Ι
3472 5076 3546 5131 81
3586 5074 3793 5146 δέρκω]
3831 5074 4013 5145 κέρδω
4051 5075 4104 5129 L
4134 5076 4143 5145 Ι
4176 5070 4357 5146 ὄπτω]
4395 5068 4518 5129 όπῶ

797 5168 854 5225 R
886 5173 895 5239 1
925 5169 1023 5224 καὶ
1059 5167 1208 5224 λέπω
1246 5165 1491 5239 γινώσκῃ
1529 5183 1636 5223 om.
1677 5167 1745 5222 H
1762 5170 1783 5238 Ι
1809 5167 1883 5223 82
1918 5167 2202 5239 παλαιῶν]
2240 5168 2458 5223 πολλῶν
2494 5166 2562 5221 H
