<?xml version="1.0" encoding="UTF-8"?>
<!DOCTYPE html PUBLIC "-//W3C//DTD XHTML 1.0 Transitional//EN"
    "http://www.w3.org/TR/xhtml1/DTD/xhtml1-transitional.dtd">
<html xmlns="http://www.w3.org/1999/xhtml" xml:lang="en" lang="en">
 <head>
  <title>
</title>
<meta http-equiv="Content-Type" content="text/html;charset=utf-8" />
  <meta name='ocr-system' content='tesseract 3.04.00' />
  <meta name='ocr-capabilities' content='ocr_page ocr_carea ocr_par ocr_line ocrx_word'/>
</head>
<body>
  <div class='ocr_page' id='page_1' title='image "./deartisgrammati00hilggoog_0021.png"; bbox 0 0 4809 5959; ppageno 0'>
   <div class='ocr_carea' id='block_1_1' title="bbox 7 0 782 3">
    <p class='ocr_par' dir='ltr' id='par_1_1' title="bbox 7 0 782 3">
     <span class='ocr_line' id='line_1_1' title="bbox 7 0 782 3; baseline 0 0"><span class='ocrx_word' id='word_1_1' title='bbox 7 0 782 3; x_wconf 95' lang='lat' dir='ltr'><strong><em> </em></strong></span> 
     </span>
    </p>
   </div>
   <div class='ocr_carea' id='block_1_2' title="bbox 1939 508 2371 573">
    <p class='ocr_par' dir='ltr' id='par_1_2' title="bbox 1939 508 2371 573">
     <span class='ocr_line' id='line_1_2' title="bbox 1939 508 2371 573; baseline -0.002 -18"><span class='ocrx_word' id='word_1_2' title='bbox 1939 508 2371 573; x_wconf 70' lang='lat'>..17-</span> 
     </span>
    </p>
   </div>
   <div class='ocr_carea' id='block_1_3' title="bbox 292 674 4021 1093">
    <p class='ocr_par' dir='ltr' id='par_1_3' title="bbox 292 674 4021 1093">
     <span class='ocr_line' id='line_1_3' title="bbox 292 674 4021 772; baseline -0.001 -18"><span class='ocrx_word' id='word_1_3' title='bbox 292 692 408 755; x_wconf 83' lang='lat' dir='ltr'><strong><em>aut</em></strong></span> <span class='ocrx_word' id='word_1_4' title='bbox 451 688 647 754; x_wconf 80' lang='lat' dir='ltr'><strong>verba</strong></span> <span class='ocrx_word' id='word_1_5' title='bbox 691 684 798 754; x_wconf 81' lang='grc' dir='ltr'><strong><em>καὶ</em></strong></span> <span class='ocrx_word' id='word_1_6' title='bbox 844 681 1060 764; x_wconf 78' lang='grc' dir='ltr'><strong><em>ἄλλως</em></strong></span> <span class='ocrx_word' id='word_1_7' title='bbox 1105 708 1218 753; x_wconf 79' lang='lat' dir='ltr'><strong>seu</strong></span> <span class='ocrx_word' id='word_1_8' title='bbox 1264 674 1494 771; x_wconf 72' lang='grc' dir='ltr'><strong><em>’ἑτέρου</em></strong></span> <span class='ocrx_word' id='word_1_9' title='bbox 1539 686 1839 772; x_wconf 86' lang='lat' dir='ltr'><strong>adposita</strong></span> <span class='ocrx_word' id='word_1_10' title='bbox 1884 681 2303 771; x_wconf 75' lang='lat' dir='ltr'><strong>significant).</strong></span> <span class='ocrx_word' id='word_1_11' title='bbox 2393 683 2575 771; x_wconf 80' lang='lat' dir='ltr'><strong>Ergo</strong></span> <span class='ocrx_word' id='word_1_12' title='bbox 2635 685 2857 750; x_wconf 87' lang='lat' dir='ltr'><strong>eadem</strong></span> <span class='ocrx_word' id='word_1_13' title='bbox 2905 685 3359 771; x_wconf 72' lang='lat' dir='ltr'><strong>interpretatio</strong></span> <span class='ocrx_word' id='word_1_14' title='bbox 3406 707 3569 772; x_wconf 86' lang='lat' dir='ltr'><strong>quae</strong></span> <span class='ocrx_word' id='word_1_15' title='bbox 3621 686 3690 751; x_wconf 92' lang='lat' dir='ltr'><strong><em>in</em></strong></span> <span class='ocrx_word' id='word_1_16' title='bbox 3737 685 3885 752; x_wconf 85' lang='lat' dir='ltr'><strong><em>Vat.</em></strong></span> <span class='ocrx_word' id='word_1_17' title='bbox 3939 687 4021 752; x_wconf 90' lang='lat'><strong><em>14</em></strong></span> 
     </span>
     <span class='ocr_line' id='line_1_4' title="bbox 293 786 4020 880; baseline -0 -20"><span class='ocrx_word' id='word_1_18' title='bbox 293 797 361 860; x_wconf 88' lang='lat' dir='ltr'><strong>et</strong></span> <span class='ocrx_word' id='word_1_19' title='bbox 404 797 475 859; x_wconf 87' lang='lat' dir='ltr'><strong><em>K</em></strong></span> <span class='ocrx_word' id='word_1_20' title='bbox 504 791 960 880; x_wconf 79' lang='grc' dir='ltr'><strong><em>Μελάμποδος</em></strong></span> <span class='ocrx_word' id='word_1_21' title='bbox 997 799 1289 876; x_wconf 79' lang='lat' dir='ltr'><strong>vocatur,</strong></span> <span class='ocrx_word' id='word_1_22' title='bbox 1336 794 1405 858; x_wconf 92' lang='lat' dir='ltr'><strong><em>in</em></strong></span> <span class='ocrx_word' id='word_1_23' title='bbox 1431 793 1630 859; x_wconf 86' lang='lat' dir='ltr'><strong>Mare.</strong></span> <span class='ocrx_word' id='word_1_24' title='bbox 1675 792 2043 878; x_wconf 86' lang='lat' dir='ltr'><strong>appellatur</strong></span> <span class='ocrx_word' id='word_1_25' title='bbox 2069 786 2479 875; x_wconf 75' lang='grc' dir='ltr'><strong><em>Διομήδους.</em></strong></span> <span class='ocrx_word' id='word_1_26' title='bbox 2541 792 2757 877; x_wconf 80' lang='lat' dir='ltr'><strong>Atque</strong></span> <span class='ocrx_word' id='word_1_27' title='bbox 2796 792 3060 859; x_wconf 90' lang='lat' dir='ltr'><strong>omnino</strong></span> <span class='ocrx_word' id='word_1_28' title='bbox 3098 792 3461 859; x_wconf 76' lang='lat' dir='ltr'><strong>consentire</strong></span> <span class='ocrx_word' id='word_1_29' title='bbox 3507 813 3655 857; x_wconf 83' lang='lat' dir='ltr'><strong><em>cum</em></strong></span> <span class='ocrx_word' id='word_1_30' title='bbox 3685 791 4020 859; x_wconf 79' lang='lat' dir='ltr'><strong>Marciano</strong></span> 
     </span>
     <span class='ocr_line' id='line_1_5' title="bbox 292 896 4013 986; baseline -0.001 -20"><span class='ocrx_word' id='word_1_31' title='bbox 292 901 640 986; x_wconf 89' lang='lat' dir='ltr'><strong>eodemque</strong></span> <span class='ocrx_word' id='word_1_32' title='bbox 682 901 878 968; x_wconf 82' lang='lat' dir='ltr'><strong>titulo</strong></span> <span class='ocrx_word' id='word_1_33' title='bbox 921 902 1239 968; x_wconf 81' lang='lat' dir='ltr'><strong>instructa</strong></span> <span class='ocrx_word' id='word_1_34' title='bbox 1284 921 1441 984; x_wconf 89' lang='lat' dir='ltr'><strong>esse,</strong></span> <span class='ocrx_word' id='word_1_35' title='bbox 1488 921 1650 985; x_wconf 79' lang='lat' dir='ltr'><strong>quae</strong></span> <span class='ocrx_word' id='word_1_36' title='bbox 1687 898 2048 966; x_wconf 80' lang='lat' dir='ltr'><strong>Vaticanus</strong></span> <span class='ocrx_word' id='word_1_37' title='bbox 2086 897 2218 962; x_wconf 82' lang='lat'><strong><em>240</em></strong></span> <span class='ocrx_word' id='word_1_38' title='bbox 2252 896 2366 964; x_wconf 88' lang='lat' dir='ltr'><strong><em>fol.</em></strong></span> <span class='ocrx_word' id='word_1_39' title='bbox 2410 898 2543 965; x_wconf 79' lang='lat' dir='ltr'><strong><em>15v</em></strong></span> <span class='ocrx_word' id='word_1_40' title='bbox 2577 933 2653 946; x_wconf 93' lang='lat'><strong>—</strong></span> <span class='ocrx_word' id='word_1_41' title='bbox 2696 898 2827 964; x_wconf 87' lang='lat' dir='ltr'><strong><em>34r</em></strong></span> <span class='ocrx_word' id='word_1_42' title='bbox 2871 903 2938 964; x_wconf 90' lang='lat' dir='ltr'><strong>et</strong></span> <span class='ocrx_word' id='word_1_43' title='bbox 2983 899 3318 965; x_wconf 84' lang='lat' dir='ltr'><strong>Palatinus</strong></span> <span class='ocrx_word' id='word_1_44' title='bbox 3368 900 3453 966; x_wconf 90' lang='grc'><strong><em>70</em></strong></span> <span class='ocrx_word' id='word_1_45' title='bbox 3467 896 3520 984; x_wconf 81' lang='lat'><strong><em>²)</em></strong></span> <span class='ocrx_word' id='word_1_46' title='bbox 3567 899 3673 965; x_wconf 89' lang='lat' dir='ltr'><strong><em>fol.</em></strong></span> <span class='ocrx_word' id='word_1_47' title='bbox 3722 900 3904 967; x_wconf 78' lang='lat' dir='ltr'>251v</span> <span class='ocrx_word' id='word_1_48' title='bbox 3939 938 4013 949; x_wconf 92' lang='lat'>—</span> 
     </span>
     <span class='ocr_line' id='line_1_6' title="bbox 292 1005 1761 1093; baseline -0.001 -20"><span class='ocrx_word' id='word_1_49' title='bbox 292 1008 469 1074; x_wconf 80' lang='lat'>2661·</span> <span class='ocrx_word' id='word_1_50' title='bbox 511 1009 892 1092; x_wconf 86' lang='lat' dir='ltr'><strong>praebeant,</strong></span> <span class='ocrx_word' id='word_1_51' title='bbox 937 1006 1243 1093; x_wconf 75' lang='lat' dir='ltr'><strong>Vhligius</strong></span> <span class='ocrx_word' id='word_1_52' title='bbox 1292 1006 1454 1072; x_wconf 84' lang='lat' dir='ltr'><strong>mihi</strong></span> <span class='ocrx_word' id='word_1_53' title='bbox 1498 1005 1761 1073; x_wconf 83' lang='lat' dir='ltr'><strong>indicat.</strong></span> 
     </span>
    </p>
   </div>
   <div class='ocr_carea' id='block_1_4' title="bbox 288 1128 4102 2388">
    <p class='ocr_par' dir='ltr' id='par_1_4' title="bbox 288 1128 4102 2388">
     <span class='ocr_line' id='line_1_7' title="bbox 614 1128 4020 1219; baseline 0 -22"><span class='ocrx_word' id='word_1_54' title='bbox 614 1129 777 1197; x_wconf 84' lang='lat' dir='ltr'><strong><em>Cum</em></strong></span> <span class='ocrx_word' id='word_1_55' title='bbox 822 1133 1027 1219; x_wconf 76' lang='lat' dir='ltr'><strong>igitur</strong></span> <span class='ocrx_word' id='word_1_56' title='bbox 1070 1131 1339 1196; x_wconf 84' lang='lat' dir='ltr'><strong>nomina</strong></span> <span class='ocrx_word' id='word_1_57' title='bbox 1373 1128 1801 1216; x_wconf 76' lang='lat' dir='ltr'><strong>Melampodis</strong></span> <span class='ocrx_word' id='word_1_58' title='bbox 1849 1134 1915 1195; x_wconf 88' lang='lat' dir='ltr'><strong>et</strong></span> <span class='ocrx_word' id='word_1_59' title='bbox 1950 1129 2286 1195; x_wconf 86' lang='lat' dir='ltr'><strong>Diomedis</strong></span> <span class='ocrx_word' id='word_1_60' title='bbox 2332 1129 2516 1214; x_wconf 86' lang='lat' dir='ltr'><strong>quasi</strong></span> <span class='ocrx_word' id='word_1_61' title='bbox 2552 1130 2918 1214; x_wconf 84' lang='lat' dir='ltr'><strong>promiscue</strong></span> <span class='ocrx_word' id='word_1_62' title='bbox 2955 1136 3267 1215; x_wconf 85' lang='lat' dir='ltr'><strong>usurpata</strong></span> <span class='ocrx_word' id='word_1_63' title='bbox 3305 1131 3462 1216; x_wconf 85' lang='lat' dir='ltr'><strong>sint,</strong></span> <span class='ocrx_word' id='word_1_64' title='bbox 3507 1131 3682 1198; x_wconf 91' lang='lat' dir='ltr'><strong>ultro</strong></span> <span class='ocrx_word' id='word_1_65' title='bbox 3723 1153 3791 1197; x_wconf 86' lang='lat' dir='ltr'><strong>se</strong></span> <span class='ocrx_word' id='word_1_66' title='bbox 3828 1133 4020 1198; x_wconf 87' lang='lat' dir='ltr'><strong>nobis</strong></span> 
     </span>
     <span class='ocr_line' id='line_1_8' title="bbox 294 1235 4018 1322; baseline -0 -17"><span class='ocrx_word' id='word_1_67' title='bbox 294 1237 482 1305; x_wconf 83' lang='lat' dir='ltr'><strong>offert</strong></span> <span class='ocrx_word' id='word_1_68' title='bbox 535 1239 933 1322; x_wconf 81' lang='lat' dir='ltr'><strong>coniectura,</strong></span> <span class='ocrx_word' id='word_1_69' title='bbox 987 1259 1064 1303; x_wconf 86' lang='lat' dir='ltr'><strong>ea</strong></span> <span class='ocrx_word' id='word_1_70' title='bbox 1118 1259 1282 1322; x_wconf 86' lang='lat' dir='ltr'><strong>quae</strong></span> <span class='ocrx_word' id='word_1_71' title='bbox 1336 1238 1405 1302; x_wconf 92' lang='lat' dir='ltr'><strong><em>in</em></strong></span> <span class='ocrx_word' id='word_1_72' title='bbox 1459 1237 1833 1301; x_wconf 84' lang='lat' dir='ltr'><strong>ultimarum</strong></span> <span class='ocrx_word' id='word_1_73' title='bbox 1888 1235 2157 1301; x_wconf 86' lang='lat' dir='ltr'><strong>duarum</strong></span> <span class='ocrx_word' id='word_1_74' title='bbox 2212 1235 2767 1321; x_wconf 83' lang='lat' dir='ltr'><strong>paragraphorum</strong></span> <span class='ocrx_word' id='word_1_75' title='bbox 2825 1237 3359 1321; x_wconf 83' lang='lat' dir='ltr'><strong>interpretatione</strong></span> <span class='ocrx_word' id='word_1_76' title='bbox 3407 1236 3713 1304; x_wconf 85' lang='lat' dir='ltr'><strong>Vaticani</strong></span> <span class='ocrx_word' id='word_1_77' title='bbox 3766 1239 3846 1304; x_wconf 84' lang='lat'><strong><em>14</em></strong></span> <span class='ocrx_word' id='word_1_78' title='bbox 3896 1239 4018 1304; x_wconf 87' lang='lat' dir='ltr'><strong><em>sub</em></strong></span> 
     </span>
     <span class='ocr_line' id='line_1_9' title="bbox 288 1340 4019 1430; baseline 0.001 -21"><span class='ocrx_word' id='word_1_79' title='bbox 288 1340 622 1411; x_wconf 88' lang='lat' dir='ltr'><strong>Diomedis</strong></span> <span class='ocrx_word' id='word_1_80' title='bbox 669 1344 928 1409; x_wconf 88' lang='lat' dir='ltr'><strong>nomine</strong></span> <span class='ocrx_word' id='word_1_81' title='bbox 974 1343 1302 1430; x_wconf 83' lang='lat' dir='ltr'><strong>leguntur,</strong></span> <span class='ocrx_word' id='word_1_82' title='bbox 1349 1364 1496 1408; x_wconf 84' lang='lat' dir='ltr'><strong>eum</strong></span> <span class='ocrx_word' id='word_1_83' title='bbox 1532 1341 1821 1427; x_wconf 88' lang='lat' dir='ltr'><strong>priorum</strong></span> <span class='ocrx_word' id='word_1_84' title='bbox 1857 1340 2420 1427; x_wconf 80' lang='lat' dir='ltr'><strong>paragraphorum</strong></span> <span class='ocrx_word' id='word_1_85' title='bbox 2457 1342 3024 1427; x_wconf 82' lang='lat' dir='ltr'><strong>explanationibus</strong></span> <span class='ocrx_word' id='word_1_86' title='bbox 3063 1342 3528 1428; x_wconf 89' lang='lat' dir='ltr'><strong>Melampodeis</strong></span> <span class='ocrx_word' id='word_1_87' title='bbox 3568 1345 4019 1430; x_wconf 82' lang='lat' dir='ltr'><strong>coniungenda</strong></span> 
     </span>
     <span class='ocr_line' id='line_1_10' title="bbox 294 1447 4021 1537; baseline -0.001 -20"><span class='ocrx_word' id='word_1_88' title='bbox 294 1471 454 1518; x_wconf 88' lang='lat' dir='ltr'><strong>esse.</strong></span> <span class='ocrx_word' id='word_1_89' title='bbox 543 1473 708 1537; x_wconf 87' lang='lat' dir='ltr'><strong>quae</strong></span> <span class='ocrx_word' id='word_1_90' title='bbox 755 1451 1012 1536; x_wconf 87' lang='lat' dir='ltr'><strong>quidem</strong></span> <span class='ocrx_word' id='word_1_91' title='bbox 1059 1449 1339 1535; x_wconf 80' lang='lat' dir='ltr'><strong>suspicio</strong></span> <span class='ocrx_word' id='word_1_92' title='bbox 1390 1448 1582 1533; x_wconf 88' lang='lat' dir='ltr'><strong>plane</strong></span> <span class='ocrx_word' id='word_1_93' title='bbox 1636 1448 2055 1514; x_wconf 77' lang='lat' dir='ltr'><strong>confirmatur</strong></span> <span class='ocrx_word' id='word_1_94' title='bbox 2108 1447 2345 1514; x_wconf 81' lang='lat' dir='ltr'><strong>codicis</strong></span> <span class='ocrx_word' id='word_1_95' title='bbox 2392 1447 2783 1515; x_wconf 84' lang='lat' dir='ltr'><strong>Havniensis</strong></span> <span class='ocrx_word' id='word_1_96' title='bbox 2829 1450 3218 1516; x_wconf 88' lang='lat' dir='ltr'><strong>testimonio.</strong></span> <span class='ocrx_word' id='word_1_97' title='bbox 3309 1449 3411 1516; x_wconf 90' lang='lat' dir='ltr'><strong>Ibi</strong></span> <span class='ocrx_word' id='word_1_98' title='bbox 3468 1450 3642 1516; x_wconf 89' lang='lat' dir='ltr'><strong>enim</strong></span> <span class='ocrx_word' id='word_1_99' title='bbox 3696 1472 4021 1517; x_wconf 83' lang='lat' dir='ltr'><strong>commen-</strong></span> 
     </span>
     <span class='ocr_line' id='line_1_11' title="bbox 292 1554 4020 1643; baseline 0 -20"><span class='ocrx_word' id='word_1_100' title='bbox 292 1557 497 1623; x_wconf 88' lang='lat' dir='ltr'><strong>tarius</strong></span> <span class='ocrx_word' id='word_1_101' title='bbox 541 1556 1027 1642; x_wconf 83' lang='lat' dir='ltr'><strong>Melampodeus</strong></span> <span class='ocrx_word' id='word_1_102' title='bbox 1073 1556 1254 1621; x_wconf 91' lang='lat' dir='ltr'><strong>nullo</strong></span> <span class='ocrx_word' id='word_1_103' title='bbox 1300 1556 1570 1621; x_wconf 79' lang='lat' dir='ltr'><strong>lacunae</strong></span> <span class='ocrx_word' id='word_1_104' title='bbox 1618 1556 1804 1642; x_wconf 80' lang='lat' dir='ltr'><strong>signo</strong></span> <span class='ocrx_word' id='word_1_105' title='bbox 1849 1554 2237 1639; x_wconf 87' lang='lat' dir='ltr'><strong>interposito</strong></span> <span class='ocrx_word' id='word_1_106' title='bbox 2288 1554 2370 1620; x_wconf 84' lang='lat' dir='ltr'><strong><em>ab</em></strong></span> <span class='ocrx_word' id='word_1_107' title='bbox 2418 1558 2459 1637; x_wconf 67' lang='grc' dir='ltr'>ξ</span> <span class='ocrx_word' id='word_1_108' title='bbox 2511 1557 2591 1621; x_wconf 91' lang='grc'>13</span> <span class='ocrx_word' id='word_1_109' title='bbox 2641 1556 2721 1621; x_wconf 85' lang='lat' dir='ltr'><strong><em>ad</em></strong></span> <span class='ocrx_word' id='word_1_110' title='bbox 2767 1558 2808 1638; x_wconf 66' lang='grc' dir='ltr'>ξ</span> <span class='ocrx_word' id='word_1_111' title='bbox 2857 1555 2945 1621; x_wconf 91' lang='grc'>24</span> <span class='ocrx_word' id='word_1_112' title='bbox 2990 1560 3437 1643; x_wconf 83' lang='lat' dir='ltr'><strong>transgressus</strong></span> <span class='ocrx_word' id='word_1_113' title='bbox 3484 1557 3772 1623; x_wconf 84' lang='lat' dir='ltr'><strong>eontinet</strong></span> <span class='ocrx_word' id='word_1_114' title='bbox 3825 1557 4020 1622; x_wconf 78' lang='lat' dir='ltr'><strong>hasce</strong></span> 
     </span>
     <span class='ocr_line' id='line_1_12' title="bbox 292 1659 4020 1750; baseline -0.001 -20"><span class='ocrx_word' id='word_1_115' title='bbox 292 1663 892 1749; x_wconf 81' lang='lat' dir='ltr'><strong>interpretationes:</strong></span> <span class='ocrx_word' id='word_1_116' title='bbox 938 1663 1421 1747; x_wconf 78' lang='lat'><strong>935‚10—25.</strong></span> <span class='ocrx_word' id='word_1_117' title='bbox 1466 1662 1617 1747; x_wconf 91' lang='grc'>937,</span> <span class='ocrx_word' id='word_1_118' title='bbox 1654 1661 1981 1745; x_wconf 90' lang='grc'>26-938,</span> <span class='ocrx_word' id='word_1_119' title='bbox 2026 1662 2087 1727; x_wconf 98' lang='grc'><strong><em>2.</em></strong></span> <span class='ocrx_word' id='word_1_120' title='bbox 2172 1660 2513 1742; x_wconf 85' lang='lat' dir='ltr'><strong>[nonnulla</strong></span> <span class='ocrx_word' id='word_1_121' title='bbox 2560 1683 2723 1746; x_wconf 83' lang='lat' dir='ltr'><strong>quae</strong></span> <span class='ocrx_word' id='word_1_122' title='bbox 2769 1661 2941 1747; x_wconf 88' lang='lat' dir='ltr'><strong>apud</strong></span> <span class='ocrx_word' id='word_1_123' title='bbox 2983 1661 3184 1728; x_wconf 86' lang='lat' dir='ltr'><strong>Bekk.</strong></span> <span class='ocrx_word' id='word_1_124' title='bbox 3228 1685 3360 1729; x_wconf 91' lang='lat' dir='ltr'><strong><em>non</em></strong></span> <span class='ocrx_word' id='word_1_125' title='bbox 3408 1659 3821 1750; x_wconf 80' lang='lat' dir='ltr'><strong>leguntur²)].</strong></span> <span class='ocrx_word' id='word_1_126' title='bbox 3868 1663 4020 1743; x_wconf 91' lang='grc'>941,</span> 
     </span>
     <span class='ocr_line' id='line_1_13' title="bbox 297 1763 4102 1856; baseline -0 -20"><span class='ocrx_word' id='word_1_127' title='bbox 297 1771 463 1836; x_wconf 87' lang='grc'>13-</span> <span class='ocrx_word' id='word_1_128' title='bbox 477 1771 577 1837; x_wconf 93' lang='grc'>16.</span> <span class='ocrx_word' id='word_1_129' title='bbox 623 1770 774 1855; x_wconf 90' lang='grc'>943,</span> <span class='ocrx_word' id='word_1_130' title='bbox 819 1771 943 1835; x_wconf 85' lang='grc'>4-</span> <span class='ocrx_word' id='word_1_131' title='bbox 958 1771 1058 1836; x_wconf 91' lang='grc'><strong><em>10.</em></strong></span> <span class='ocrx_word' id='word_1_132' title='bbox 1128 1764 1204 1835; x_wconf 85' lang='grc' dir='ltr'><strong><em>τὸ</em></strong></span> <span class='ocrx_word' id='word_1_133' title='bbox 1252 1763 1497 1853; x_wconf 79' lang='grc' dir='ltr'><strong><em>ἀβάλαι</em></strong></span> <span class='ocrx_word' id='word_1_134' title='bbox 1543 1769 1693 1851; x_wconf 90' lang='grc'><strong><em>946,</em></strong></span> <span class='ocrx_word' id='word_1_135' title='bbox 1745 1768 2021 1835; x_wconf 75' lang='grc'>14-18.</span> <span class='ocrx_word' id='word_1_136' title='bbox 2071 1768 2409 1850; x_wconf 86' lang='lat' dir='ltr'><strong>[nonnulla</strong></span> <span class='ocrx_word' id='word_1_137' title='bbox 2445 1764 2804 1854; x_wconf 83' lang='lat' dir='ltr'><strong>inedita³)].</strong></span> <span class='ocrx_word' id='word_1_138' title='bbox 2851 1767 3002 1853; x_wconf 83' lang='lat'><strong><em>947,</em></strong></span> <span class='ocrx_word' id='word_1_139' title='bbox 3048 1766 3353 1856; x_wconf 81' lang='lat'><strong>5—18⁴).</strong></span> <span class='ocrx_word' id='word_1_140' title='bbox 3399 1769 3549 1855; x_wconf 84' lang='lat'><strong><em>948,</em></strong></span> <span class='ocrx_word' id='word_1_141' title='bbox 3585 1769 3707 1835; x_wconf 87' lang='lat'><strong><em>4—</em></strong></span> <span class='ocrx_word' id='word_1_142' title='bbox 3720 1770 3778 1834; x_wconf 89' lang='grc'><strong><em>5.</em></strong></span> <span class='ocrx_word' id='word_1_143' title='bbox 3827 1769 4024 1835; x_wconf 91' lang='grc'>8-9.</span> <span class='ocrx_word' id='word_1_144' title='bbox 4089 1786 4102 1801; x_wconf 63' lang='grc'><strong><em>”</em></strong></span> 
     </span>
     <span class='ocr_line' id='line_1_14' title="bbox 294 1870 4022 1963; baseline -0 -20"><span class='ocrx_word' id='word_1_145' title='bbox 294 1876 444 1961; x_wconf 93' lang='grc'>951,</span> <span class='ocrx_word' id='word_1_146' title='bbox 490 1876 616 1943; x_wconf 85' lang='lat'><strong><em>9—</em></strong></span> <span class='ocrx_word' id='word_1_147' title='bbox 629 1878 728 1942; x_wconf 91' lang='grc'><strong><em>11.</em></strong></span> <span class='ocrx_word' id='word_1_148' title='bbox 776 1876 927 1960; x_wconf 89' lang='grc'>954,</span> <span class='ocrx_word' id='word_1_149' title='bbox 972 1873 1288 1963; x_wconf 67' lang='grc'>4-115).</span> <span class='ocrx_word' id='word_1_150' title='bbox 1335 1874 1486 1959; x_wconf 89' lang='grc'>957,</span> <span class='ocrx_word' id='word_1_151' title='bbox 1537 1877 1699 1940; x_wconf 91' lang='grc'>17-</span> <span class='ocrx_word' id='word_1_152' title='bbox 1626 1872 1876 1961; x_wconf 63' lang='grc'>-.286)</span> <span class='ocrx_word' id='word_1_153' title='bbox 1924 1874 2085 1960; x_wconf 89' lang='grc'>958,</span> <span class='ocrx_word' id='word_1_154' title='bbox 2131 1875 2256 1940; x_wconf 88' lang='grc'><strong><em>6-</em></strong></span> <span class='ocrx_word' id='word_1_155' title='bbox 2270 1870 2435 1961; x_wconf 71' lang='grc'>177).</span> <span class='ocrx_word' id='word_1_156' title='bbox 2484 1873 2642 1955; x_wconf 89' lang='grc'>958,</span> <span class='ocrx_word' id='word_1_157' title='bbox 2692 1872 3038 1961; x_wconf 73' lang='lat'><strong>27—310).</strong></span> <span class='ocrx_word' id='word_1_158' title='bbox 3085 1875 3236 1960; x_wconf 85' lang='lat'><strong>958,</strong></span> <span class='ocrx_word' id='word_1_159' title='bbox 3281 1875 3607 1960; x_wconf 84' lang='lat'><strong>32—959‚</strong></span> <span class='ocrx_word' id='word_1_160' title='bbox 3651 1872 3780 1962; x_wconf 80' lang='lat'><strong>2⁹).</strong></span> <span class='ocrx_word' id='word_1_161' title='bbox 3827 1876 4022 1942; x_wconf 81' lang='lat'><strong>5—7.</strong></span> 
     </span>
     <span class='ocr_line' id='line_1_15' title="bbox 297 1978 4019 2068; baseline 0 -21"><span class='ocrx_word' id='word_1_162' title='bbox 297 1983 578 2049; x_wconf 84' lang='lat'><strong>12—14.</strong></span> <span class='ocrx_word' id='word_1_163' title='bbox 620 1982 771 2068; x_wconf 89' lang='grc'>960,</span> <span class='ocrx_word' id='word_1_164' title='bbox 807 1984 932 2049; x_wconf 88' lang='grc'><strong><em>3-</em></strong></span> <span class='ocrx_word' id='word_1_165' title='bbox 944 1984 1001 2049; x_wconf 87' lang='grc'><strong><em>7.</em></strong></span> <span class='ocrx_word' id='word_1_166' title='bbox 1044 1983 1321 2049; x_wconf 89' lang='grc'>10-16.</span> <span class='ocrx_word' id='word_1_167' title='bbox 1358 1981 1640 2049; x_wconf 87' lang='grc'>23-25.</span> <span class='ocrx_word' id='word_1_168' title='bbox 1677 1981 1846 2047; x_wconf 89' lang='grc'><strong><em>30-</em></strong></span> <span class='ocrx_word' id='word_1_169' title='bbox 1854 1983 1958 2049; x_wconf 88' lang='grc'><strong><em>32.</em></strong></span> <span class='ocrx_word' id='word_1_170' title='bbox 1995 1982 2145 2061; x_wconf 91' lang='grc'>961,</span> <span class='ocrx_word' id='word_1_171' title='bbox 2182 1980 2467 2048; x_wconf 82' lang='grc'>21-25,</span> <span class='ocrx_word' id='word_1_172' title='bbox 2504 1980 2654 2065; x_wconf 88' lang='grc'>963,</span> <span class='ocrx_word' id='word_1_173' title='bbox 2697 1978 3069 2068; x_wconf 80' lang='lat'><strong>18-2310).</strong></span> <span class='ocrx_word' id='word_1_174' title='bbox 3107 1981 3258 2067; x_wconf 89' lang='grc'>965,</span> <span class='ocrx_word' id='word_1_175' title='bbox 3295 1982 3420 2049; x_wconf 91' lang='grc'><strong><em>8-</em></strong></span> <span class='ocrx_word' id='word_1_176' title='bbox 3428 1982 3530 2049; x_wconf 93' lang='grc'><strong><em>21.</em></strong></span> <span class='ocrx_word' id='word_1_177' title='bbox 3577 1980 3774 2047; x_wconf 87' lang='lat' dir='ltr'><strong>Tum:</strong></span> <span class='ocrx_word' id='word_1_178' title='bbox 3820 1981 4019 2067; x_wconf 77' lang='grc' dir='ltr'><strong><em>Περὶ</em></strong></span> 
     </span>
     <span class='ocr_line' id='line_1_16' title="bbox 292 2076 4020 2174; baseline -0.001 -18"><span class='ocrx_word' id='word_1_179' title='bbox 292 2091 1033 2174; x_wconf 87' lang='grc' dir='ltr'><strong><em>παρασυναπτικῶν.</em></strong></span> <span class='ocrx_word' id='word_1_180' title='bbox 1108 2076 1313 2155; x_wconf 82' lang='grc' dir='ltr'><strong><em>Οὗτοι</em></strong></span> <span class='ocrx_word' id='word_1_181' title='bbox 1357 2084 1432 2155; x_wconf 89' lang='grc' dir='ltr'><strong><em>τὸ</em></strong></span> <span class='ocrx_word' id='word_1_182' title='bbox 1480 2093 1710 2155; x_wconf 81' lang='grc' dir='ltr'><strong><em>λεῖπον</em></strong></span> <span class='ocrx_word' id='word_1_183' title='bbox 1755 2099 1896 2166; x_wconf 75' lang='grc' dir='ltr'><strong><em>τοῖς</em></strong></span> <span class='ocrx_word' id='word_1_184' title='bbox 1941 2098 2370 2166; x_wconf 77' lang='grc' dir='ltr'><strong><em>συναπτικοῑς</em></strong></span> <span class='ocrx_word' id='word_1_185' title='bbox 2404 2089 3022 2173; x_wconf 84' lang='grc' dir='ltr'><strong><em>συναναπληροῦσι·</em></strong></span> <span class='ocrx_word' id='word_1_186' title='bbox 3076 2086 3187 2153; x_wconf 86' lang='grc' dir='ltr'><strong><em>καὶ</em></strong></span> <span class='ocrx_word' id='word_1_187' title='bbox 3223 2083 3509 2173; x_wconf 76' lang='grc' dir='ltr'><strong><em>ὕπαρξιν</em></strong></span> <span class='ocrx_word' id='word_1_188' title='bbox 3544 2084 3674 2173; x_wconf 80' lang='grc' dir='ltr'><strong><em>γὰρ</em></strong></span> <span class='ocrx_word' id='word_1_189' title='bbox 3720 2086 3830 2154; x_wconf 84' lang='grc' dir='ltr'><strong><em>καὶ</em></strong></span> <span class='ocrx_word' id='word_1_190' title='bbox 3868 2084 4020 2154; x_wconf 78' lang='grc' dir='ltr'><strong><em>ἄκο-</em></strong></span> 
     </span>
     <span class='ocr_line' id='line_1_17' title="bbox 296 2188 4022 2281; baseline 0 -20"><span class='ocrx_word' id='word_1_191' title='bbox 296 2198 591 2263; x_wconf 86' lang='grc' dir='ltr'><strong><em>λουθίαν</em></strong></span> <span class='ocrx_word' id='word_1_192' title='bbox 627 2188 931 2281; x_wconf 79' lang='grc' dir='ltr'><strong><em>δηλοῦσι,</em></strong></span> <span class='ocrx_word' id='word_1_193' title='bbox 966 2193 1078 2261; x_wconf 79' lang='grc' dir='ltr'><strong><em>καὶ</em></strong></span> <span class='ocrx_word' id='word_1_194' title='bbox 1115 2194 1321 2261; x_wconf 88' lang='grc' dir='ltr'><strong><em>τόπον</em></strong></span> <span class='ocrx_word' id='word_1_195' title='bbox 1364 2193 1437 2261; x_wconf 74' lang='grc' dir='ltr'><strong><em>δὲ</em></strong></span> <span class='ocrx_word' id='word_1_196' title='bbox 1474 2197 1785 2281; x_wconf 79' lang='grc' dir='ltr'><strong><em>(ἔχουσι)</em></strong></span> <span class='ocrx_word' id='word_1_197' title='bbox 1820 2193 1932 2261; x_wconf 84' lang='grc' dir='ltr'><strong><em>καὶ</em></strong></span> <span class='ocrx_word' id='word_1_198' title='bbox 1967 2190 2173 2262; x_wconf 91' lang='grc' dir='ltr'><strong><em>τόνον</em></strong></span> <span class='ocrx_word' id='word_1_199' title='bbox 2212 2191 2475 2261; x_wconf 77' lang='grc' dir='ltr'><strong><em>ἐοικότα</em></strong></span> <span class='ocrx_word' id='word_1_200' title='bbox 2510 2206 2653 2273; x_wconf 83' lang='grc' dir='ltr'><strong><em>τοῖς</em></strong></span> <span class='ocrx_word' id='word_1_201' title='bbox 2687 2205 3140 2272; x_wconf 85' lang='grc' dir='ltr'><strong><em>συναπτικοῖς·</em></strong></span> <span class='ocrx_word' id='word_1_202' title='bbox 3187 2188 3435 2280; x_wconf 82' lang='grc' dir='ltr'><strong><em>ὁμοίως</em></strong></span> <span class='ocrx_word' id='word_1_203' title='bbox 3470 2191 3546 2261; x_wconf 72' lang='grc' dir='ltr'><strong><em>δὲ</em></strong></span> <span class='ocrx_word' id='word_1_204' title='bbox 3582 2193 3692 2261; x_wconf 84' lang='grc' dir='ltr'><strong><em>καὶ</em></strong></span> <span class='ocrx_word' id='word_1_205' title='bbox 3737 2196 4022 2280; x_wconf 85' lang='grc' dir='ltr'><strong><em>πνεῦμα,</em></strong></span> 
     </span>
     <span class='ocr_line' id='line_1_18' title="bbox 294 2294 4020 2388; baseline -0 -21"><span class='ocrx_word' id='word_1_206' title='bbox 294 2302 410 2367; x_wconf 77' lang='grc' dir='ltr'><strong><em>ἵνα</em></strong></span> <span class='ocrx_word' id='word_1_207' title='bbox 456 2298 546 2387; x_wconf 82' lang='grc' dir='ltr'><strong><em>μὴ</em></strong></span> <span class='ocrx_word' id='word_1_208' title='bbox 601 2299 964 2387; x_wconf 73' lang='grc' dir='ltr'><strong><em>περαιτέρω</em></strong></span> <span class='ocrx_word' id='word_1_209' title='bbox 1009 2302 1134 2368; x_wconf 81' lang='grc' dir='ltr'><strong><em>τοῦ</em></strong></span> <span class='ocrx_word' id='word_1_210' title='bbox 1178 2299 1453 2380; x_wconf 89' lang='grc' dir='ltr'><strong><em>δέοντος</em></strong></span> <span class='ocrx_word' id='word_1_211' title='bbox 1493 2302 1996 2388; x_wconf 87' lang='grc' dir='ltr'><strong><em>πολυλογῶμεν·</em></strong></span> <span class='ocrx_word' id='word_1_212' title='bbox 2044 2297 2295 2367; x_wconf 77' lang='grc' dir='ltr'><strong><em>ἐνθάδε</em></strong></span> <span class='ocrx_word' id='word_1_213' title='bbox 2337 2296 2413 2367; x_wconf 89' lang='grc' dir='ltr'><strong><em>τὸ</em></strong></span> <span class='ocrx_word' id='word_1_214' title='bbox 2459 2306 2690 2368; x_wconf 75' lang='grc' dir='ltr'><strong><em>λεῖπον</em></strong></span> <span class='ocrx_word' id='word_1_215' title='bbox 2731 2299 2883 2385; x_wconf 79' lang='grc' dir='ltr'><strong><em>περὶ</em></strong></span> <span class='ocrx_word' id='word_1_216' title='bbox 2927 2302 3045 2386; x_wconf 82' lang='grc' dir='ltr'><strong><em>τῆς</em></strong></span> <span class='ocrx_word' id='word_1_217' title='bbox 3080 2302 3296 2379; x_wconf 80' lang='grc' dir='ltr'><strong><em>αἰτίας</em></strong></span> <span class='ocrx_word' id='word_1_218' title='bbox 3326 2298 3438 2366; x_wconf 82' lang='grc' dir='ltr'><strong><em>καὶ</em></strong></span> <span class='ocrx_word' id='word_1_219' title='bbox 3474 2294 3817 2379; x_wconf 79' lang='grc' dir='ltr'><strong><em>ὑπολείψει</em></strong></span> <span class='ocrx_word' id='word_1_220' title='bbox 3859 2297 4020 2386; x_wconf 82' lang='grc' dir='ltr'><strong><em>πλή-</em></strong></span> 
     </span>
    </p>
   </div>
   <div class='ocr_carea' id='block_1_5' title="bbox 182 2405 3842 2495">
    <p class='ocr_par' dir='ltr' id='par_1_5' title="bbox 182 2405 3842 2495">
     <span class='ocr_line' id='line_1_19' title="bbox 182 2405 3842 2495; baseline -0 -20"><span class='ocrx_word' id='word_1_221' title='bbox 182 2446 191 2453; x_wconf 84' lang='grc'><em>·</em></span> <span class='ocrx_word' id='word_1_222' title='bbox 292 2425 501 2494; x_wconf 88' lang='grc' dir='ltr'><strong><em>ρωσις</em></strong></span> <span class='ocrx_word' id='word_1_223' title='bbox 542 2412 684 2485; x_wconf 65' lang='grc' dir='ltr'><strong><em>τοῖς</em></strong></span> <span class='ocrx_word' id='word_1_224' title='bbox 725 2412 1348 2493; x_wconf 74' lang='grc' dir='ltr'><strong><em>παρασυναπτικοίς.</em></strong></span> <span class='ocrx_word' id='word_1_225' title='bbox 1428 2406 1760 2493; x_wconf 88' lang='lat' dir='ltr'><strong>(ultimum</strong></span> <span class='ocrx_word' id='word_1_226' title='bbox 1806 2409 2214 2475; x_wconf 83' lang='lat' dir='ltr'><strong>enuntiatum</strong></span> <span class='ocrx_word' id='word_1_227' title='bbox 2262 2431 2391 2495; x_wconf 90' lang='lat' dir='ltr'><strong><em>quo</em></strong></span> <span class='ocrx_word' id='word_1_228' title='bbox 2437 2409 2631 2477; x_wconf 87' lang='lat' dir='ltr'><strong>modo</strong></span> <span class='ocrx_word' id='word_1_229' title='bbox 2680 2407 3147 2474; x_wconf 86' lang='lat' dir='ltr'><strong>emendandum</strong></span> <span class='ocrx_word' id='word_1_230' title='bbox 3195 2408 3283 2473; x_wconf 91' lang='lat' dir='ltr'><strong>sit</strong></span> <span class='ocrx_word' id='word_1_231' title='bbox 3326 2406 3533 2473; x_wconf 82' lang='lat' dir='ltr'><strong>adhuc</strong></span> <span class='ocrx_word' id='word_1_232' title='bbox 3577 2405 3842 2495; x_wconf 83' lang='lat' dir='ltr'><strong>neseio.)</strong></span> 
     </span>
    </p>
   </div>
   <div class='ocr_carea' id='block_1_6' title="bbox 274 2508 4022 3346">
    <p class='ocr_par' dir='ltr' id='par_1_6' title="bbox 274 2508 4022 3346">
     <span class='ocr_line' id='line_1_20' title="bbox 615 2508 4022 2601; baseline 0 -21"><span class='ocrx_word' id='word_1_233' title='bbox 615 2514 767 2600; x_wconf 88' lang='grc'>967,</span> <span class='ocrx_word' id='word_1_234' title='bbox 817 2517 993 2581; x_wconf 85' lang='lat'><strong><em>14-</em></strong></span> <span class='ocrx_word' id='word_1_235' title='bbox 1005 2515 1156 2600; x_wconf 86' lang='lat'><strong><em>968,</em></strong></span> <span class='ocrx_word' id='word_1_236' title='bbox 1203 2516 1259 2581; x_wconf 92' lang='grc'><strong><em>7.</em></strong></span> <span class='ocrx_word' id='word_1_237' title='bbox 1352 2514 1545 2581; x_wconf 86' lang='lat' dir='ltr'><strong>Tum:</strong></span> <span class='ocrx_word' id='word_1_238' title='bbox 1608 2513 1804 2601; x_wconf 82' lang='grc' dir='ltr'><strong><em>Περὶ</em></strong></span> <span class='ocrx_word' id='word_1_239' title='bbox 1852 2509 2467 2600; x_wconf 79' lang='grc' dir='ltr'><strong><em>ἄπορηματικῶν.</em></strong></span> <span class='ocrx_word' id='word_1_240' title='bbox 2536 2508 2647 2579; x_wconf 83' lang='grc' dir='ltr'><strong><em>Ἐν</em></strong></span> <span class='ocrx_word' id='word_1_241' title='bbox 2704 2509 2953 2601; x_wconf 77' lang='grc' dir='ltr'><strong><em>ἀπορίᾳ</em></strong></span> <span class='ocrx_word' id='word_1_242' title='bbox 3008 2536 3198 2592; x_wconf 92' lang='grc' dir='ltr'><strong><em>οντες</em></strong></span> <span class='ocrx_word' id='word_1_243' title='bbox 3247 2509 3512 2590; x_wconf 81' lang='grc' dir='ltr'><strong><em>τούτοις</em></strong></span> <span class='ocrx_word' id='word_1_244' title='bbox 3565 2509 3724 2591; x_wconf 80' lang='grc' dir='ltr'><strong><em>τοὺς</em></strong></span> <span class='ocrx_word' id='word_1_245' title='bbox 3777 2511 4022 2598; x_wconf 80' lang='grc' dir='ltr'><strong><em>λόγους</em></strong></span> 
     </span>
     <span class='ocr_line' id='line_1_21' title="bbox 295 2588 4019 2707; baseline 0 -20"><span class='ocrx_word' id='word_1_246' title='bbox 295 2588 691 2706; x_wconf 79' lang='grc' dir='ltr'><strong><em>συνδέομεν·</em></strong></span> <span class='ocrx_word' id='word_1_247' title='bbox 745 2624 1048 2688; x_wconf 80' lang='grc' dir='ltr'><strong><em>τίθενται</em></strong></span> <span class='ocrx_word' id='word_1_248' title='bbox 1084 2617 1208 2707; x_wconf 72' lang='grc' dir='ltr'><strong><em>μὲν</em></strong></span> <span class='ocrx_word' id='word_1_249' title='bbox 1253 2619 1363 2687; x_wconf 79' lang='grc' dir='ltr'><strong><em>καὶ</em></strong></span> <span class='ocrx_word' id='word_1_250' title='bbox 1410 2619 1484 2687; x_wconf 78' lang='grc' dir='ltr'><strong><em>έν</em></strong></span> <span class='ocrx_word' id='word_1_251' title='bbox 1519 2632 1661 2700; x_wconf 75' lang='grc' dir='ltr'><strong><em>τοῖς</em></strong></span> <span class='ocrx_word' id='word_1_252' title='bbox 1693 2643 1981 2707; x_wconf 93' lang='grc' dir='ltr'><strong><em>πρωτοις</em></strong></span> <span class='ocrx_word' id='word_1_253' title='bbox 2018 2618 2129 2687; x_wconf 83' lang='grc' dir='ltr'><strong><em>καὶ</em></strong></span> <span class='ocrx_word' id='word_1_254' title='bbox 2177 2619 2252 2687; x_wconf 83' lang='grc' dir='ltr'><strong><em>έν</em></strong></span> <span class='ocrx_word' id='word_1_255' title='bbox 2286 2628 2427 2699; x_wconf 73' lang='grc' dir='ltr'><strong><em>τοῖς</em></strong></span> <span class='ocrx_word' id='word_1_256' title='bbox 2473 2617 2838 2704; x_wconf 73' lang='grc' dir='ltr'><strong><em>δευτέροις,</em></strong></span> <span class='ocrx_word' id='word_1_257' title='bbox 2883 2619 3412 2705; x_wconf 87' lang='grc' dir='ltr'><strong><em>προτασσόμενοι</em></strong></span> <span class='ocrx_word' id='word_1_258' title='bbox 3457 2618 3570 2685; x_wconf 80' lang='grc' dir='ltr'><strong><em>καὶ</em></strong></span> <span class='ocrx_word' id='word_1_259' title='bbox 3613 2614 3837 2686; x_wconf 81' lang='grc' dir='ltr'><strong><em>αὐτῶν</em></strong></span> <span class='ocrx_word' id='word_1_260' title='bbox 3882 2622 4019 2687; x_wconf 89' lang='grc' dir='ltr'><strong><em>τῶν</em></strong></span> 
     </span>
     <span class='ocr_line' id='line_1_22' title="bbox 292 2718 4018 2815; baseline -0 -22"><span class='ocrx_word' id='word_1_261' title='bbox 292 2725 637 2813; x_wconf 79' lang='grc' dir='ltr'><strong><em>προτέρων</em></strong></span> <span class='ocrx_word' id='word_1_262' title='bbox 671 2725 931 2808; x_wconf 80' lang='grc' dir='ltr'><strong><em>λέξεων.</em></strong></span> <span class='ocrx_word' id='word_1_263' title='bbox 991 2718 1155 2815; x_wconf 86' lang='grc' dir='ltr'><strong><em>Αρα</em></strong></span> <span class='ocrx_word' id='word_1_264' title='bbox 1189 2728 1715 2813; x_wconf 82' lang='grc' dir='ltr'><strong><em>προπερισπᾶται</em></strong></span> <span class='ocrx_word' id='word_1_265' title='bbox 1751 2726 1861 2794; x_wconf 79' lang='grc' dir='ltr'><strong><em>καὶ</em></strong></span> <span class='ocrx_word' id='word_1_266' title='bbox 1899 2730 2228 2807; x_wconf 80' lang='grc' dir='ltr'><strong><em>ψιλοῦται.</em></strong></span> <span class='ocrx_word' id='word_1_267' title='bbox 2291 2729 2484 2794; x_wconf 85' lang='grc' dir='ltr'><strong><em>Κᾶτα</em></strong></span> <span class='ocrx_word' id='word_1_268' title='bbox 2519 2727 3064 2812; x_wconf 82' lang='grc' dir='ltr'><strong><em>προπερισπᾶται,</em></strong></span> <span class='ocrx_word' id='word_1_269' title='bbox 3103 2727 3288 2794; x_wconf 78' lang='grc' dir='ltr'><strong><em>δοκεῖ</em></strong></span> <span class='ocrx_word' id='word_1_270' title='bbox 3321 2723 3449 2812; x_wconf 80' lang='grc' dir='ltr'><strong><em>γὰρ</em></strong></span> <span class='ocrx_word' id='word_1_271' title='bbox 3487 2722 3810 2805; x_wconf 85' lang='grc' dir='ltr'><strong><em>σύνθεσις</em></strong></span> <span class='ocrx_word' id='word_1_272' title='bbox 3845 2722 4018 2793; x_wconf 83' lang='grc' dir='ltr'><strong><em>εἶναι</em></strong></span> 
     </span>
     <span class='ocr_line' id='line_1_23' title="bbox 294 2827 4019 2923; baseline 0 -24"><span class='ocrx_word' id='word_1_273' title='bbox 294 2832 365 2899; x_wconf 74' lang='grc' dir='ltr'><strong><em>ἐκ</em></strong></span> <span class='ocrx_word' id='word_1_274' title='bbox 401 2836 526 2901; x_wconf 84' lang='grc' dir='ltr'><strong><em>τοῦ</em></strong></span> <span class='ocrx_word' id='word_1_275' title='bbox 560 2838 680 2901; x_wconf 86' lang='grc' dir='ltr'><strong><em>καί</em></strong></span> <span class='ocrx_word' id='word_1_276' title='bbox 703 2833 813 2901; x_wconf 77' lang='grc' dir='ltr'><strong><em>καὶ</em></strong></span> <span class='ocrx_word' id='word_1_277' title='bbox 843 2828 1013 2918; x_wconf 77' lang='grc' dir='ltr'><strong><em>εἶτα,</em></strong></span> <span class='ocrx_word' id='word_1_278' title='bbox 1048 2835 1170 2901; x_wconf 84' lang='grc' dir='ltr'><strong><em>τοῦ</em></strong></span> <span class='ocrx_word' id='word_1_279' title='bbox 1197 2841 1233 2896; x_wconf 80' lang='grc' dir='ltr'><em>ἶ</em></span> <span class='ocrx_word' id='word_1_280' title='bbox 1259 2835 1383 2902; x_wconf 84' lang='grc' dir='ltr'><strong><em>τοῦ</em></strong></span> <span class='ocrx_word' id='word_1_281' title='bbox 1409 2836 1530 2900; x_wconf 90' lang='grc' dir='ltr'><strong><em>καί</em></strong></span> <span class='ocrx_word' id='word_1_282' title='bbox 1551 2832 1934 2920; x_wconf 78' lang='grc' dir='ltr'><strong><em>συνδέσμου</em></strong></span> <span class='ocrx_word' id='word_1_283' title='bbox 1961 2829 2209 2920; x_wconf 85' lang='grc' dir='ltr'><strong><em>ὁμοίως</em></strong></span> <span class='ocrx_word' id='word_1_284' title='bbox 2237 2831 2315 2901; x_wconf 69' lang='grc' dir='ltr'><strong><em>δὲ</em></strong></span> <span class='ocrx_word' id='word_1_285' title='bbox 2336 2831 2449 2900; x_wconf 85' lang='grc' dir='ltr'><strong><em>καὶ</em></strong></span> <span class='ocrx_word' id='word_1_286' title='bbox 2477 2835 2599 2901; x_wconf 85' lang='grc' dir='ltr'><strong><em>τοῦ</em></strong></span> <span class='ocrx_word' id='word_1_287' title='bbox 2627 2831 2701 2899; x_wconf 78' lang='grc' dir='ltr'><strong><em>ἐν</em></strong></span> <span class='ocrx_word' id='word_1_288' title='bbox 2727 2835 2819 2923; x_wconf 78' lang='grc' dir='ltr'><strong><em>τῷ</em></strong></span> <span class='ocrx_word' id='word_1_289' title='bbox 2860 2828 2998 2899; x_wconf 80' lang='grc' dir='ltr'><strong><em>εἶτα</em></strong></span> <span class='ocrx_word' id='word_1_290' title='bbox 3033 2836 3072 2893; x_wconf 85' lang='grc' dir='ltr'><em>ἴ</em></span> <span class='ocrx_word' id='word_1_291' title='bbox 3100 2831 3567 2919; x_wconf 77' lang='grc' dir='ltr'><strong><em>ἐκβληθέντων</em></strong></span> <span class='ocrx_word' id='word_1_292' title='bbox 3593 2827 4019 2918; x_wconf 77' lang='grc' dir='ltr'><strong><em>ἀμφοτέρων,</em></strong></span> 
     </span>
     <span class='ocr_line' id='line_1_24' title="bbox 292 2937 4021 3027; baseline 0 -21"><span class='ocrx_word' id='word_1_293' title='bbox 292 2939 405 3006; x_wconf 85' lang='grc' dir='ltr'><strong><em>καὶ</em></strong></span> <span class='ocrx_word' id='word_1_294' title='bbox 442 2942 566 3006; x_wconf 86' lang='grc' dir='ltr'><strong><em>τοῦ</em></strong></span> <span class='ocrx_word' id='word_1_295' title='bbox 610 2947 653 3005; x_wconf 79' lang='grc' dir='ltr'><strong>ἆ</strong></span> <span class='ocrx_word' id='word_1_296' title='bbox 697 2939 808 3007; x_wconf 84' lang='grc' dir='ltr'><strong><em>καὶ</em></strong></span> <span class='ocrx_word' id='word_1_297' title='bbox 853 2941 974 3007; x_wconf 82' lang='grc' dir='ltr'><strong><em>τοῦ</em></strong></span> <span class='ocrx_word' id='word_1_298' title='bbox 1009 2942 1047 3000; x_wconf 74' lang='grc' dir='ltr'><em>ἓ</em></span> <span class='ocrx_word' id='word_1_299' title='bbox 1080 2940 1474 3027; x_wconf 78' lang='grc' dir='ltr'><strong><em>κραθέντων</em></strong></span> <span class='ocrx_word' id='word_1_300' title='bbox 1510 2943 1606 3018; x_wconf 78' lang='grc' dir='ltr'><strong><em>εἰς</em></strong></span> <span class='ocrx_word' id='word_1_301' title='bbox 1640 2943 1683 3005; x_wconf 78' lang='grc' dir='ltr'><strong>ἆ</strong></span> <span class='ocrx_word' id='word_1_302' title='bbox 1720 2937 1996 3027; x_wconf 85' lang='grc' dir='ltr'><strong><em>μακρόν.</em></strong></span> <span class='ocrx_word' id='word_1_303' title='bbox 2050 2944 2228 3008; x_wconf 88' lang='grc' dir='ltr'><strong><em>Μῶν</em></strong></span> <span class='ocrx_word' id='word_1_304' title='bbox 2265 2941 2673 3026; x_wconf 83' lang='grc' dir='ltr'><strong><em>περισπᾶται.</em></strong></span> <span class='ocrx_word' id='word_1_305' title='bbox 2746 2938 2991 3027; x_wconf 76' lang='grc' dir='ltr'><strong><em>(Περὶ</em></strong></span> <span class='ocrx_word' id='word_1_306' title='bbox 3038 2939 3729 3024; x_wconf 71' lang='grc' dir='ltr'><strong><em>συλλογιστικῶν).</em></strong></span> <span class='ocrx_word' id='word_1_307' title='bbox 3776 2941 4021 3018; x_wconf 84' lang='grc' dir='ltr'><strong><em>Καλῶς</em></strong></span> 
     </span>
     <span class='ocr_line' id='line_1_25' title="bbox 290 3041 4019 3133; baseline 0 -21"><span class='ocrx_word' id='word_1_308' title='bbox 290 3043 473 3113; x_wconf 76' lang='grc' dir='ltr'><strong><em>πάνυ</em></strong></span> <span class='ocrx_word' id='word_1_309' title='bbox 518 3041 555 3114; x_wconf 84' lang='grc' dir='ltr'>ὁ</span> <span class='ocrx_word' id='word_1_310' title='bbox 601 3042 899 3132; x_wconf 81' lang='grc' dir='ltr'><strong><em>τεχνικὸς</em></strong></span> <span class='ocrx_word' id='word_1_311' title='bbox 941 3042 1065 3132; x_wconf 85' lang='grc' dir='ltr'><strong><em>τὴν</em></strong></span> <span class='ocrx_word' id='word_1_312' title='bbox 1111 3045 1452 3132; x_wconf 81' lang='grc' dir='ltr'><strong><em>διαφορὰν</em></strong></span> <span class='ocrx_word' id='word_1_313' title='bbox 1488 3043 1782 3114; x_wconf 77' lang='grc' dir='ltr'><strong><em>ἑκάστων</em></strong></span> <span class='ocrx_word' id='word_1_314' title='bbox 1826 3049 1961 3114; x_wconf 86' lang='grc' dir='ltr'><strong><em>τῶν</em></strong></span> <span class='ocrx_word' id='word_1_315' title='bbox 1999 3044 2395 3133; x_wconf 80' lang='grc' dir='ltr'><strong><em>συνδέσμων</em></strong></span> <span class='ocrx_word' id='word_1_316' title='bbox 2432 3042 2744 3133; x_wconf 74' lang='grc' dir='ltr'><strong><em>ὁρίζεται,</em></strong></span> <span class='ocrx_word' id='word_1_317' title='bbox 2791 3041 2995 3114; x_wconf 73' lang='grc' dir='ltr'><strong><em>οὐδὲν</em></strong></span> <span class='ocrx_word' id='word_1_318' title='bbox 3032 3041 3196 3133; x_wconf 79' lang='grc' dir='ltr'><strong><em>ἡμῖν</em></strong></span> <span class='ocrx_word' id='word_1_319' title='bbox 3233 3048 3461 3114; x_wconf 79' lang='grc' dir='ltr'><strong><em>δοκεῖν</em></strong></span> <span class='ocrx_word' id='word_1_320' title='bbox 3495 3046 3722 3113; x_wconf 88' lang='grc' dir='ltr'><strong><em>θέλων</em></strong></span> <span class='ocrx_word' id='word_1_321' title='bbox 3760 3041 3851 3112; x_wconf 90' lang='grc' dir='ltr'><strong><em>δι’</em></strong></span> <span class='ocrx_word' id='word_1_322' title='bbox 3885 3044 4019 3113; x_wconf 80' lang='grc' dir='ltr'><strong><em>ἑτέ-</em></strong></span> 
     </span>
     <span class='ocr_line' id='line_1_26' title="bbox 292 3144 4018 3240; baseline 0 -21"><span class='ocrx_word' id='word_1_323' title='bbox 292 3178 436 3239; x_wconf 91' lang='grc' dir='ltr'><strong><em>ρων</em></strong></span> <span class='ocrx_word' id='word_1_324' title='bbox 492 3152 733 3234; x_wconf 77' lang='grc' dir='ltr'><strong><em>λέξεων</em></strong></span> <span class='ocrx_word' id='word_1_325' title='bbox 785 3149 906 3220; x_wconf 90' lang='grc' dir='ltr'><strong><em>τὸν</em></strong></span> <span class='ocrx_word' id='word_1_326' title='bbox 959 3148 1168 3220; x_wconf 78' lang='grc' dir='ltr'><strong><em>αὐτὸν</em></strong></span> <span class='ocrx_word' id='word_1_327' title='bbox 1223 3148 1390 3238; x_wconf 80' lang='grc' dir='ltr'><strong><em>ὅρον</em></strong></span> <span class='ocrx_word' id='word_1_328' title='bbox 1441 3152 1921 3240; x_wconf 87' lang='grc' dir='ltr'><strong><em>προφέρεσθαι.</em></strong></span> <span class='ocrx_word' id='word_1_329' title='bbox 2024 3144 2229 3220; x_wconf 82' lang='grc' dir='ltr'><strong><em>Οὗτοι</em></strong></span> <span class='ocrx_word' id='word_1_330' title='bbox 2286 3151 2360 3220; x_wconf 74' lang='grc' dir='ltr'><strong><em>δὲ</em></strong></span> <span class='ocrx_word' id='word_1_331' title='bbox 2414 3158 2716 3221; x_wconf 72' lang='grc' dir='ltr'><strong><em>τίθενται</em></strong></span> <span class='ocrx_word' id='word_1_332' title='bbox 2769 3150 3011 3232; x_wconf 74' lang='grc' dir='ltr'><strong><em>πάντες</em></strong></span> <span class='ocrx_word' id='word_1_333' title='bbox 3066 3152 3141 3220; x_wconf 78' lang='grc' dir='ltr'><strong><em>ἐν</em></strong></span> <span class='ocrx_word' id='word_1_334' title='bbox 3194 3165 3334 3232; x_wconf 73' lang='grc' dir='ltr'><strong><em>τοῖς</em></strong></span> <span class='ocrx_word' id='word_1_335' title='bbox 3388 3152 3723 3239; x_wconf 85' lang='grc' dir='ltr'><strong><em>δευτέροις</em></strong></span> <span class='ocrx_word' id='word_1_336' title='bbox 3775 3151 4018 3237; x_wconf 83' lang='grc' dir='ltr'><strong><em>λόγοις.</em></strong></span> 
     </span>
     <span class='ocr_line' id='line_1_27' title="bbox 274 3254 4018 3346; baseline 0.001 -20"><span class='ocrx_word' id='word_1_337' title='bbox 274 3256 445 3344; x_wconf 77' lang='grc' dir='ltr'><strong><em>’Ἆρα</em></strong></span> <span class='ocrx_word' id='word_1_338' title='bbox 493 3263 805 3339; x_wconf 79' lang='grc' dir='ltr'><strong><em>ψιλοῦται</em></strong></span> <span class='ocrx_word' id='word_1_339' title='bbox 849 3259 961 3326; x_wconf 85' lang='grc' dir='ltr'><strong><em>καὶ</em></strong></span> <span class='ocrx_word' id='word_1_340' title='bbox 1012 3256 1485 3346; x_wconf 83' lang='grc' dir='ltr'><strong><em>παροξύνεται,</em></strong></span> <span class='ocrx_word' id='word_1_341' title='bbox 1543 3262 1855 3346; x_wconf 83' lang='grc' dir='ltr'><strong><em>δίχρονος</em></strong></span> <span class='ocrx_word' id='word_1_342' title='bbox 1897 3257 2026 3345; x_wconf 77' lang='grc' dir='ltr'><strong><em>γάρ</em></strong></span> <span class='ocrx_word' id='word_1_343' title='bbox 2073 3259 2270 3328; x_wconf 78' lang='grc' dir='ltr'><strong><em>ἐστιν.</em></strong></span> <span class='ocrx_word' id='word_1_344' title='bbox 2344 3258 2538 3327; x_wconf 78' lang='grc' dir='ltr'><strong><em>Ἀλλά</em></strong></span> <span class='ocrx_word' id='word_1_345' title='bbox 2583 3260 2695 3327; x_wconf 82' lang='grc' dir='ltr'><strong><em>καὶ</em></strong></span> <span class='ocrx_word' id='word_1_346' title='bbox 2752 3262 3064 3339; x_wconf 78' lang='grc' dir='ltr'><strong><em>ψιλοῦται</em></strong></span> <span class='ocrx_word' id='word_1_347' title='bbox 3109 3258 3220 3326; x_wconf 85' lang='grc' dir='ltr'><strong><em>καὶ</em></strong></span> <span class='ocrx_word' id='word_1_348' title='bbox 3267 3256 3588 3341; x_wconf 84' lang='grc' dir='ltr'><strong><em>ὀξύνεται.</em></strong></span> <span class='ocrx_word' id='word_1_349' title='bbox 3658 3254 4018 3346; x_wconf 79' lang='grc' dir='ltr'><strong><em>Ἀλλαμήν·</em></strong></span> 
     </span>
    </p>
   </div>
   <div class='ocr_carea' id='block_1_7' title="bbox 291 3488 4022 5338">
    <p class='ocr_par' dir='ltr' id='par_1_7' title="bbox 617 3488 3825 3561">
     <span class='ocr_line' id='line_1_28' title="bbox 617 3488 3825 3561; baseline 0.001 -17"><span class='ocrx_word' id='word_1_350' title='bbox 617 3490 671 3558; x_wconf 95' lang='grc'><strong><em>1)</em></strong></span> <span class='ocrx_word' id='word_1_351' title='bbox 709 3506 874 3560; x_wconf 86' lang='lat' dir='ltr'><strong>quem</strong></span> <span class='ocrx_word' id='word_1_352' title='bbox 911 3488 1442 3560; x_wconf 85' lang='lat' dir='ltr'><strong>Heidelbergensem</strong></span> <span class='ocrx_word' id='word_1_353' title='bbox 1478 3488 1787 3560; x_wconf 82' lang='lat' dir='ltr'><strong>appellare,</strong></span> <span class='ocrx_word' id='word_1_354' title='bbox 1824 3493 1889 3545; x_wconf 84' lang='lat' dir='ltr'><strong><em>ut</em></strong></span> <span class='ocrx_word' id='word_1_355' title='bbox 1915 3489 2180 3545; x_wconf 87' lang='lat' dir='ltr'><strong>Hoerseh.</strong></span> <span class='ocrx_word' id='word_1_356' title='bbox 2218 3507 2272 3561; x_wconf 88' lang='lat' dir='ltr'><strong><em>p.</em></strong></span> <span class='ocrx_word' id='word_1_357' title='bbox 2302 3494 2370 3544; x_wconf 74' lang='lat'><strong><em>29</em></strong></span> <span class='ocrx_word' id='word_1_358' title='bbox 2410 3489 2689 3561; x_wconf 85' lang='lat' dir='ltr'><strong>appellat,</strong></span> <span class='ocrx_word' id='word_1_359' title='bbox 2726 3506 2826 3560; x_wconf 87' lang='lat' dir='ltr'><strong><em>pro</em></strong></span> <span class='ocrx_word' id='word_1_360' title='bbox 2864 3491 3056 3545; x_wconf 84' lang='lat' dir='ltr'><strong>sancte</strong></span> <span class='ocrx_word' id='word_1_361' title='bbox 3091 3489 3343 3560; x_wconf 86' lang='lat' dir='ltr'><strong>Iuppiter</strong></span> <span class='ocrx_word' id='word_1_362' title='bbox 3377 3505 3490 3545; x_wconf 89' lang='lat' dir='ltr'><strong><em>non</em></strong></span> <span class='ocrx_word' id='word_1_363' title='bbox 3525 3489 3640 3545; x_wconf 86' lang='lat' dir='ltr'><strong>iam</strong></span> <span class='ocrx_word' id='word_1_364' title='bbox 3675 3490 3825 3546; x_wconf 82' lang='lat' dir='ltr'><strong>lieet.</strong></span> 
     </span>
    </p>

    <p class='ocr_par' dir='ltr' id='par_1_8' title="bbox 291 3572 4022 4005">
     <span class='ocr_line' id='line_1_29' title="bbox 615 3572 4022 3649; baseline 0 -17"><span class='ocrx_word' id='word_1_365' title='bbox 615 3579 671 3647; x_wconf 81' lang='grc'>2)</span> <span class='ocrx_word' id='word_1_366' title='bbox 712 3573 798 3631; x_wconf 74' lang='grc' dir='ltr'><strong><em>Τὰ</em></strong></span> <span class='ocrx_word' id='word_1_367' title='bbox 837 3574 901 3633; x_wconf 70' lang='grc' dir='ltr'><strong><em>δὲ</em></strong></span> <span class='ocrx_word' id='word_1_368' title='bbox 940 3572 1242 3647; x_wconf 80' lang='grc' dir='ltr'><strong><em>μεσότητος</em></strong></span> <span class='ocrx_word' id='word_1_369' title='bbox 1278 3573 1630 3649; x_wconf 69' lang='grc' dir='ltr'><strong><em>ἔπιρρήμᾶτα</em></strong></span> <span class='ocrx_word' id='word_1_370' title='bbox 1668 3572 1775 3633; x_wconf 81' lang='grc' dir='ltr'><strong><em>ούκ</em></strong></span> <span class='ocrx_word' id='word_1_371' title='bbox 1811 3572 1925 3633; x_wconf 75' lang='grc' dir='ltr'><strong><em>ἀπὸ</em></strong></span> <span class='ocrx_word' id='word_1_372' title='bbox 1967 3573 2191 3641; x_wconf 72' lang='grc' dir='ltr'><strong><em>ἔννοίας</em></strong></span> <span class='ocrx_word' id='word_1_373' title='bbox 2225 3573 2377 3640; x_wconf 86' lang='grc' dir='ltr'><strong><em>τινὸς</em></strong></span> <span class='ocrx_word' id='word_1_374' title='bbox 2416 3572 2766 3649; x_wconf 86' lang='grc' dir='ltr'><strong><em>ῶνόμασται·</em></strong></span> <span class='ocrx_word' id='word_1_375' title='bbox 2821 3579 3082 3641; x_wconf 82' lang='grc' dir='ltr'><strong><em>πλείστας</em></strong></span> <span class='ocrx_word' id='word_1_376' title='bbox 3127 3573 3237 3648; x_wconf 77' lang='grc' dir='ltr'><strong><em>γὰρ</em></strong></span> <span class='ocrx_word' id='word_1_377' title='bbox 3273 3572 3557 3648; x_wconf 77' lang='grc' dir='ltr'><strong><em>διαφορὰς</em></strong></span> <span class='ocrx_word' id='word_1_378' title='bbox 3606 3577 3722 3649; x_wconf 75' lang='grc' dir='ltr'><strong><em>ἔχει</em></strong></span> <span class='ocrx_word' id='word_1_379' title='bbox 3761 3573 4022 3633; x_wconf 71' lang='grc' dir='ltr'><strong><em>ἕννοιῶν.</em></strong></span> 
     </span>
     <span class='ocr_line' id='line_1_30' title="bbox 291 3661 4018 3739; baseline 0 -17"><span class='ocrx_word' id='word_1_380' title='bbox 291 3661 419 3722; x_wconf 73' lang='grc' dir='ltr'><strong><em>ἀλλ’</em></strong></span> <span class='ocrx_word' id='word_1_381' title='bbox 463 3661 662 3734; x_wconf 76' lang='grc' dir='ltr'><strong><em>ἐπειδὴ</em></strong></span> <span class='ocrx_word' id='word_1_382' title='bbox 701 3668 918 3735; x_wconf 79' lang='grc' dir='ltr'><strong><em>γίνεται</em></strong></span> <span class='ocrx_word' id='word_1_383' title='bbox 953 3661 1070 3722; x_wconf 70' lang='grc' dir='ltr'><strong><em>ἀπὸ</em></strong></span> <span class='ocrx_word' id='word_1_384' title='bbox 1109 3666 1207 3736; x_wconf 88' lang='grc' dir='ltr'><strong><em>τῆς</em></strong></span> <span class='ocrx_word' id='word_1_385' title='bbox 1242 3666 1469 3736; x_wconf 75' lang='grc' dir='ltr'><strong><em>γενικῆς</em></strong></span> <span class='ocrx_word' id='word_1_386' title='bbox 1504 3666 1615 3721; x_wconf 88' lang='grc' dir='ltr'><strong><em>τῶν</em></strong></span> <span class='ocrx_word' id='word_1_387' title='bbox 1651 3665 2050 3736; x_wconf 82' lang='grc' dir='ltr'><strong><em>πληθυντικῶν</em></strong></span> <span class='ocrx_word' id='word_1_388' title='bbox 2085 3667 2185 3735; x_wconf 86' lang='grc' dir='ltr'><strong><em>τῆς</em></strong></span> <span class='ocrx_word' id='word_1_389' title='bbox 2222 3666 2394 3737; x_wconf 80' lang='grc' dir='ltr'><strong><em>μέσης</em></strong></span> <span class='ocrx_word' id='word_1_390' title='bbox 2439 3663 2611 3736; x_wconf 72' lang='grc' dir='ltr'><strong><em>οὔσης</em></strong></span> <span class='ocrx_word' id='word_1_391' title='bbox 2656 3666 2768 3722; x_wconf 89' lang='grc' dir='ltr'><strong><em>τῶν</em></strong></span> <span class='ocrx_word' id='word_1_392' title='bbox 2804 3667 2976 3737; x_wconf 89' lang='grc' dir='ltr'><strong><em>τριῶν</em></strong></span> <span class='ocrx_word' id='word_1_393' title='bbox 3013 3667 3223 3737; x_wconf 80' lang='grc' dir='ltr'><strong><em>γενῶν,</em></strong></span> <span class='ocrx_word' id='word_1_394' title='bbox 3267 3667 3370 3722; x_wconf 77' lang='grc' dir='ltr'><strong><em>τοῦ</em></strong></span> <span class='ocrx_word' id='word_1_395' title='bbox 3407 3687 3442 3721; x_wconf 88' lang='grc' dir='ltr'><strong><em>ν</em></strong></span> <span class='ocrx_word' id='word_1_396' title='bbox 3490 3663 3671 3739; x_wconf 88' lang='grc' dir='ltr'><strong><em>μόνου</em></strong></span> <span class='ocrx_word' id='word_1_397' title='bbox 3710 3666 3791 3731; x_wconf 72' lang='grc' dir='ltr'><strong><em>εἰς</em></strong></span> <span class='ocrx_word' id='word_1_398' title='bbox 3827 3687 3861 3722; x_wconf 91' lang='grc' dir='ltr'><strong><em>σ</em></strong></span> <span class='ocrx_word' id='word_1_399' title='bbox 3895 3687 4018 3738; x_wconf 79' lang='grc' dir='ltr'><strong><em>τρε-</em></strong></span> 
     </span>
     <span class='ocr_line' id='line_1_31' title="bbox 294 3748 4016 3827; baseline 0.001 -18"><span class='ocrx_word' id='word_1_400' title='bbox 294 3754 571 3825; x_wconf 74' lang='grc' dir='ltr'><strong><em>πομόνον,</em></strong></span> <span class='ocrx_word' id='word_1_401' title='bbox 611 3749 708 3809; x_wconf 74' lang='grc' dir='ltr'><strong><em>διὰ</em></strong></span> <span class='ocrx_word' id='word_1_402' title='bbox 744 3754 910 3809; x_wconf 79' lang='grc' dir='ltr'><strong><em>τοῦτο</em></strong></span> <span class='ocrx_word' id='word_1_403' title='bbox 947 3759 1204 3811; x_wconf 83' lang='grc' dir='ltr'><strong><em>καλειται</em></strong></span> <span class='ocrx_word' id='word_1_404' title='bbox 1240 3751 1565 3826; x_wconf 79' lang='grc' dir='ltr'><strong><em>μεσότητος·</em></strong></span> <span class='ocrx_word' id='word_1_405' title='bbox 1619 3753 1742 3811; x_wconf 79' lang='grc' dir='ltr'><strong><em>οἷον</em></strong></span> <span class='ocrx_word' id='word_1_406' title='bbox 1777 3755 1890 3810; x_wconf 89' lang='grc' dir='ltr'><strong><em>τῶν</em></strong></span> <span class='ocrx_word' id='word_1_407' title='bbox 1925 3754 2137 3809; x_wconf 87' lang='grc' dir='ltr'><strong><em>καλῶν·</em></strong></span> <span class='ocrx_word' id='word_1_408' title='bbox 2193 3748 2339 3826; x_wconf 70' lang='grc' dir='ltr'><strong><em>αὕτη</em></strong></span> <span class='ocrx_word' id='word_1_409' title='bbox 2376 3752 2573 3826; x_wconf 77' lang='grc' dir='ltr'><strong><em>γενικὴ</em></strong></span> <span class='ocrx_word' id='word_1_410' title='bbox 2613 3749 2754 3813; x_wconf 80' lang='grc' dir='ltr'><strong><em>οὖσα</em></strong></span> <span class='ocrx_word' id='word_1_411' title='bbox 2789 3751 3143 3827; x_wconf 74' lang='grc' dir='ltr'><strong><em>πληθυντικὴ</em></strong></span> <span class='ocrx_word' id='word_1_412' title='bbox 3190 3755 3331 3827; x_wconf 80' lang='grc' dir='ltr'><strong><em>μέση</em></strong></span> <span class='ocrx_word' id='word_1_413' title='bbox 3368 3752 3514 3825; x_wconf 75' lang='grc' dir='ltr'><strong><em>ἐστί,</em></strong></span> <span class='ocrx_word' id='word_1_414' title='bbox 3565 3755 3814 3812; x_wconf 78' lang='grc' dir='ltr'><strong><em>τουτέστι</em></strong></span> <span class='ocrx_word' id='word_1_415' title='bbox 3851 3753 4016 3825; x_wconf 84' lang='grc' dir='ltr'><strong><em>κοινὴ</em></strong></span> 
     </span>
     <span class='ocr_line' id='line_1_32' title="bbox 294 3839 4016 3914; baseline 0.001 -16"><span class='ocrx_word' id='word_1_416' title='bbox 294 3839 599 3912; x_wconf 80' lang='grc' dir='ltr'><strong><em>α’ρσενικοῦ</em></strong></span> <span class='ocrx_word' id='word_1_417' title='bbox 636 3842 734 3897; x_wconf 76' lang='grc' dir='ltr'><strong><em>καὶ</em></strong></span> <span class='ocrx_word' id='word_1_418' title='bbox 770 3844 1027 3911; x_wconf 82' lang='grc' dir='ltr'><strong><em>θηλυκοῦ</em></strong></span> <span class='ocrx_word' id='word_1_419' title='bbox 1065 3843 1164 3899; x_wconf 76' lang='grc' dir='ltr'><strong><em>καὶ</em></strong></span> <span class='ocrx_word' id='word_1_420' title='bbox 1201 3839 1532 3912; x_wconf 67' lang='grc' dir='ltr'><strong><em>οὐδετέρου,</em></strong></span> <span class='ocrx_word' id='word_1_421' title='bbox 1580 3840 1640 3899; x_wconf 75' lang='grc' dir='ltr'><strong><em>οἱ</em></strong></span> <span class='ocrx_word' id='word_1_422' title='bbox 1670 3844 1831 3901; x_wconf 79' lang='grc' dir='ltr'><strong><em>καλοὶ</em></strong></span> <span class='ocrx_word' id='word_1_423' title='bbox 1868 3844 1979 3898; x_wconf 88' lang='grc' dir='ltr'><strong><em>τῶν</em></strong></span> <span class='ocrx_word' id='word_1_424' title='bbox 2015 3843 2227 3910; x_wconf 89' lang='grc' dir='ltr'><strong><em>καλῶν,</em></strong></span> <span class='ocrx_word' id='word_1_425' title='bbox 2274 3840 2342 3898; x_wconf 76' lang='grc' dir='ltr'><strong><em>αἱ</em></strong></span> <span class='ocrx_word' id='word_1_426' title='bbox 2372 3844 2542 3900; x_wconf 82' lang='grc' dir='ltr'><strong><em>καλαὶ</em></strong></span> <span class='ocrx_word' id='word_1_427' title='bbox 2578 3844 2689 3899; x_wconf 90' lang='grc' dir='ltr'><strong><em>τῶν</em></strong></span> <span class='ocrx_word' id='word_1_428' title='bbox 2727 3844 2941 3913; x_wconf 87' lang='grc' dir='ltr'><strong><em>καλῶν,</em></strong></span> <span class='ocrx_word' id='word_1_429' title='bbox 2986 3840 3058 3899; x_wconf 77' lang='grc' dir='ltr'><strong><em>τὰ</em></strong></span> <span class='ocrx_word' id='word_1_430' title='bbox 3094 3840 3240 3899; x_wconf 89' lang='grc' dir='ltr'><strong><em>καλα</em></strong></span> <span class='ocrx_word' id='word_1_431' title='bbox 3286 3846 3400 3900; x_wconf 89' lang='grc' dir='ltr'><strong><em>τῶν</em></strong></span> <span class='ocrx_word' id='word_1_432' title='bbox 3437 3845 3650 3901; x_wconf 83' lang='grc' dir='ltr'><strong><em>καλῶν·</em></strong></span> <span class='ocrx_word' id='word_1_433' title='bbox 3707 3844 4016 3914; x_wconf 75' lang='grc' dir='ltr'><strong><em>τραπέντος</em></strong></span> 
     </span>
     <span class='ocr_line' id='line_1_33' title="bbox 294 3923 2870 4005; baseline 0 -17"><span class='ocrx_word' id='word_1_434' title='bbox 294 3923 402 3989; x_wconf 80' lang='grc' dir='ltr'><strong><em>οὖν</em></strong></span> <span class='ocrx_word' id='word_1_435' title='bbox 438 3933 539 3988; x_wconf 74' lang='grc' dir='ltr'><strong><em>τοῦ</em></strong></span> <span class='ocrx_word' id='word_1_436' title='bbox 578 3939 614 3987; x_wconf 73' lang='grc' dir='ltr'><strong><em>ν’</em></strong></span> <span class='ocrx_word' id='word_1_437' title='bbox 650 3929 734 3996; x_wconf 81' lang='grc' dir='ltr'><strong><em>είς</em></strong></span> <span class='ocrx_word' id='word_1_438' title='bbox 768 3938 827 4002; x_wconf 68' lang='lat'><strong><em>3,</em></strong></span> <span class='ocrx_word' id='word_1_439' title='bbox 865 3926 942 3996; x_wconf 84' lang='grc' dir='ltr'><strong><em>ῶς</em></strong></span> <span class='ocrx_word' id='word_1_440' title='bbox 980 3930 1227 4004; x_wconf 76' lang='grc' dir='ltr'><strong><em>ἔφαμεν,</em></strong></span> <span class='ocrx_word' id='word_1_441' title='bbox 1263 3935 1480 4004; x_wconf 77' lang='grc' dir='ltr'><strong><em>γίνεται</em></strong></span> <span class='ocrx_word' id='word_1_442' title='bbox 1516 3932 1578 3988; x_wconf 85' lang='grc' dir='ltr'><strong><em>τὸ</em></strong></span> <span class='ocrx_word' id='word_1_443' title='bbox 1625 3928 1904 4004; x_wconf 73' lang='grc' dir='ltr'><strong><em>ἐπίρρημα</em></strong></span> <span class='ocrx_word' id='word_1_444' title='bbox 1942 3932 2146 3996; x_wconf 86' lang='grc' dir='ltr'><strong><em>καλῶς·</em></strong></span> <span class='ocrx_word' id='word_1_445' title='bbox 2188 3933 2379 4003; x_wconf 80' lang='grc' dir='ltr'><strong><em>σοφῶν</em></strong></span> <span class='ocrx_word' id='word_1_446' title='bbox 2417 3934 2612 4003; x_wconf 80' lang='grc' dir='ltr'><strong><em>σοφῶς</em></strong></span> <span class='ocrx_word' id='word_1_447' title='bbox 2649 3929 2870 4005; x_wconf 82' lang='grc' dir='ltr'><strong><em>ὁμοίως.</em></strong></span> 
     </span>
    </p>

    <p class='ocr_par' dir='ltr' id='par_1_9' title="bbox 296 4013 4016 4274">
     <span class='ocr_line' id='line_1_34' title="bbox 615 4013 4016 4093; baseline 0 -16"><span class='ocrx_word' id='word_1_448' title='bbox 615 4023 672 4091; x_wconf 87' lang='lat'><strong><em>3)</em></strong></span> <span class='ocrx_word' id='word_1_449' title='bbox 715 4019 799 4075; x_wconf 80' lang='grc' dir='ltr'><strong><em>Τὰ</em></strong></span> <span class='ocrx_word' id='word_1_450' title='bbox 839 4020 903 4077; x_wconf 71' lang='grc' dir='ltr'><strong><em>δὲ</em></strong></span> <span class='ocrx_word' id='word_1_451' title='bbox 941 4019 1325 4092; x_wconf 75' lang='grc' dir='ltr'><strong><em>σχετλιαστικά</em></strong></span> <span class='ocrx_word' id='word_1_452' title='bbox 1364 4018 1605 4093; x_wconf 75' lang='grc' dir='ltr'><strong><em>λυπηρά·</em></strong></span> <span class='ocrx_word' id='word_1_453' title='bbox 1646 4021 1890 4093; x_wconf 77' lang='grc' dir='ltr'><strong><em>σχέτλιος</em></strong></span> <span class='ocrx_word' id='word_1_454' title='bbox 1926 4016 2034 4091; x_wconf 78' lang='grc' dir='ltr'><strong><em>γάρ</em></strong></span> <span class='ocrx_word' id='word_1_455' title='bbox 2071 4016 2223 4076; x_wconf 68' lang='grc' dir='ltr'><strong><em>ἔστιν</em></strong></span> <span class='ocrx_word' id='word_1_456' title='bbox 2259 4015 2290 4077; x_wconf 83' lang='grc' dir='ltr'><em>ὃ</em></span> <span class='ocrx_word' id='word_1_457' title='bbox 2330 4017 2535 4085; x_wconf 76' lang='grc' dir='ltr'><strong><em>ἄθλιος</em></strong></span> <span class='ocrx_word' id='word_1_458' title='bbox 2571 4022 2662 4092; x_wconf 83' lang='lat' dir='ltr'><strong>(cf.</strong></span> <span class='ocrx_word' id='word_1_459' title='bbox 2701 4027 2822 4091; x_wconf 79' lang='grc'>946,</span> <span class='ocrx_word' id='word_1_460' title='bbox 2861 4025 2966 4091; x_wconf 85' lang='grc'>19).</span> <span class='ocrx_word' id='word_1_461' title='bbox 3044 4017 3129 4076; x_wconf 78' lang='grc' dir='ltr'><strong><em>Τὰ</em></strong></span> <span class='ocrx_word' id='word_1_462' title='bbox 3169 4013 3274 4077; x_wconf 80' lang='grc' dir='ltr'><strong><em>οὖν</em></strong></span> <span class='ocrx_word' id='word_1_463' title='bbox 3307 4016 3528 4092; x_wconf 79' lang='grc' dir='ltr'><strong><em>λυπηρὰ</em></strong></span> <span class='ocrx_word' id='word_1_464' title='bbox 3566 4020 3664 4077; x_wconf 80' lang='grc' dir='ltr'><strong><em>καὶ</em></strong></span> <span class='ocrx_word' id='word_1_465' title='bbox 3700 4016 3881 4076; x_wconf 78' lang='grc' dir='ltr'><strong><em>ἄθλια</em></strong></span> <span class='ocrx_word' id='word_1_466' title='bbox 3918 4024 4016 4077; x_wconf 72' lang='grc' dir='ltr'><strong><em>καὶ</em></strong></span> 
     </span>
     <span class='ocr_line' id='line_1_35' title="bbox 296 4105 4015 4184; baseline -0.001 -18"><span class='ocrx_word' id='word_1_467' title='bbox 296 4109 665 4181; x_wconf 75' lang='grc' dir='ltr'><strong><em>σχετλιασμοῦ</em></strong></span> <span class='ocrx_word' id='word_1_468' title='bbox 702 4105 855 4177; x_wconf 74' lang='grc' dir='ltr'><strong><em>ἄξια.</em></strong></span> <span class='ocrx_word' id='word_1_469' title='bbox 926 4110 1147 4183; x_wconf 88' lang='grc' dir='ltr'><strong><em>Βαβαί·</em></strong></span> <span class='ocrx_word' id='word_1_470' title='bbox 1185 4109 1245 4166; x_wconf 77' lang='grc' dir='ltr'><strong><em>οἱ</em></strong></span> <span class='ocrx_word' id='word_1_471' title='bbox 1277 4110 1498 4167; x_wconf 79' lang='grc' dir='ltr'><strong><em>ἰδιῶται</em></strong></span> <span class='ocrx_word' id='word_1_472' title='bbox 1533 4111 1633 4180; x_wconf 87' lang='grc' dir='ltr'><strong><em>τῆς</em></strong></span> <span class='ocrx_word' id='word_1_473' title='bbox 1670 4112 1765 4184; x_wconf 89' lang='grc' dir='ltr'><strong><em>βαι</em></strong></span> <span class='ocrx_word' id='word_1_474' title='bbox 1803 4106 2127 4180; x_wconf 73' lang='grc' dir='ltr'><strong><em>διφθόγγου</em></strong></span> <span class='ocrx_word' id='word_1_475' title='bbox 2165 4105 2228 4166; x_wconf 85' lang='grc' dir='ltr'><strong><em>τὸ</em></strong></span> <span class='ocrx_word' id='word_1_476' title='bbox 2269 4116 2305 4163; x_wconf 77' lang='grc' dir='ltr'><strong><em>ἰ’</em></strong></span> <span class='ocrx_word' id='word_1_477' title='bbox 2343 4105 2474 4165; x_wconf 79' lang='grc' dir='ltr'><strong><em>κατ’</em></strong></span> <span class='ocrx_word' id='word_1_478' title='bbox 2515 4107 2707 4181; x_wconf 82' lang='grc' dir='ltr'><strong><em>ἰδικήν</em></strong></span> <span class='ocrx_word' id='word_1_479' title='bbox 2744 4107 3025 4184; x_wconf 86' lang='grc' dir='ltr'><strong><em>συλλαβὴν</em></strong></span> <span class='ocrx_word' id='word_1_480' title='bbox 3061 4107 3489 4181; x_wconf 80' lang='grc' dir='ltr'><strong><em>προφερόμενοί</em></strong></span> <span class='ocrx_word' id='word_1_481' title='bbox 3525 4126 3667 4180; x_wconf 83' lang='grc' dir='ltr'><strong><em>φασι</em></strong></span> <span class='ocrx_word' id='word_1_482' title='bbox 3706 4109 3905 4182; x_wconf 73' lang='grc' dir='ltr'><strong><em>βαβαῖ·</em></strong></span> <span class='ocrx_word' id='word_1_483' title='bbox 3946 4106 4015 4164; x_wconf 83' lang='grc' dir='ltr'><strong><em>ού</em></strong></span> 
     </span>
     <span class='ocr_line' id='line_1_36' title="bbox 296 4194 2483 4274; baseline 0.001 -21"><span class='ocrx_word' id='word_1_484' title='bbox 296 4199 393 4254; x_wconf 82' lang='grc' dir='ltr'><strong><em>δεῖ</em></strong></span> <span class='ocrx_word' id='word_1_485' title='bbox 425 4196 518 4269; x_wconf 74' lang='grc' dir='ltr'><strong><em>δέ,</em></strong></span> <span class='ocrx_word' id='word_1_486' title='bbox 555 4194 697 4254; x_wconf 74' lang='grc' dir='ltr'><strong><em>ἄλλα</em></strong></span> <span class='ocrx_word' id='word_1_487' title='bbox 735 4195 1078 4272; x_wconf 72' lang='grc' dir='ltr'><strong><em>δισυλλάβως</em></strong></span> <span class='ocrx_word' id='word_1_488' title='bbox 1113 4201 1291 4274; x_wconf 88' lang='grc' dir='ltr'><strong><em>βαβαί</em></strong></span> <span class='ocrx_word' id='word_1_489' title='bbox 1321 4194 1694 4271; x_wconf 72' lang='grc' dir='ltr'><strong><em>θαυμάζοντά</em></strong></span> <span class='ocrx_word' id='word_1_490' title='bbox 1732 4219 1785 4253; x_wconf 90' lang='grc' dir='ltr'><strong><em>τι</em></strong></span> <span class='ocrx_word' id='word_1_491' title='bbox 1820 4196 1856 4269; x_wconf 81' lang='grc' dir='ltr'>ἦ</span> <span class='ocrx_word' id='word_1_492' title='bbox 1895 4194 2244 4254; x_wconf 74' lang='grc' dir='ltr'><strong><em>ἐπαινοῦντα</em></strong></span> <span class='ocrx_word' id='word_1_493' title='bbox 2281 4197 2483 4270; x_wconf 76' lang='grc' dir='ltr'><strong><em>λέγειν.</em></strong></span> 
     </span>
    </p>

    <p class='ocr_par' dir='ltr' id='par_1_10' title="bbox 616 4281 3679 4361">
     <span class='ocr_line' id='line_1_37' title="bbox 616 4281 3679 4361; baseline -0 -18"><span class='ocrx_word' id='word_1_494' title='bbox 616 4291 672 4357; x_wconf 89' lang='grc'><strong><em>4)</em></strong></span> <span class='ocrx_word' id='word_1_495' title='bbox 709 4293 767 4346; x_wconf 80' lang='grc' dir='ltr'><em>Κ</em></span> <span class='ocrx_word' id='word_1_496' title='bbox 798 4288 950 4344; x_wconf 56' lang='lat' dir='ltr'><strong><em>adda</em></strong></span> <span class='ocrx_word' id='word_1_497' title='bbox 1000 4289 1180 4360; x_wconf 77' lang='grc' dir='ltr'><strong><em>ναίχι·</em></strong></span> <span class='ocrx_word' id='word_1_498' title='bbox 1218 4290 1384 4346; x_wconf 73' lang='grc' dir='ltr'><strong><em>τοῦτο</em></strong></span> <span class='ocrx_word' id='word_1_499' title='bbox 1422 4288 1520 4345; x_wconf 76' lang='grc' dir='ltr'><strong><em>καὶ</em></strong></span> <span class='ocrx_word' id='word_1_500' title='bbox 1559 4289 1706 4359; x_wconf 79' lang='lat' dir='ltr'><strong>(lege</strong></span> <span class='ocrx_word' id='word_1_501' title='bbox 1743 4283 1871 4359; x_wconf 72' lang='grc' dir='ltr'><strong><em>οὐκ)</em></strong></span> <span class='ocrx_word' id='word_1_502' title='bbox 1910 4282 2178 4354; x_wconf 76' lang='grc' dir='ltr'><strong><em>ὀξύνεται</em></strong></span> <span class='ocrx_word' id='word_1_503' title='bbox 2213 4281 2290 4352; x_wconf 87' lang='grc' dir='ltr'><strong><em>ῶς</em></strong></span> <span class='ocrx_word' id='word_1_504' title='bbox 2324 4286 2388 4344; x_wconf 85' lang='grc' dir='ltr'><strong><em>τὸ</em></strong></span> <span class='ocrx_word' id='word_1_505' title='bbox 2429 4285 2582 4361; x_wconf 73' lang='grc' dir='ltr'><strong><em>ούχί,</em></strong></span> <span class='ocrx_word' id='word_1_506' title='bbox 2619 4288 2677 4346; x_wconf 74' lang='grc' dir='ltr'><strong><em>εί</em></strong></span> <span class='ocrx_word' id='word_1_507' title='bbox 2708 4291 2806 4344; x_wconf 71' lang='grc' dir='ltr'><strong><em>καὶ</em></strong></span> <span class='ocrx_word' id='word_1_508' title='bbox 2843 4287 2947 4358; x_wconf 85' lang='grc' dir='ltr'><strong><em>τὴν</em></strong></span> <span class='ocrx_word' id='word_1_509' title='bbox 2985 4284 3165 4359; x_wconf 78' lang='grc' dir='ltr'><strong><em>αύτὴν</em></strong></span> <span class='ocrx_word' id='word_1_510' title='bbox 3207 4286 3321 4358; x_wconf 76' lang='grc' dir='ltr'><strong><em>ἔχει</em></strong></span> <span class='ocrx_word' id='word_1_511' title='bbox 3362 4282 3679 4343; x_wconf 71' lang='grc' dir='ltr'><strong><em>ἕπέκτασιν.</em></strong></span> 
     </span>
    </p>

    <p class='ocr_par' dir='ltr' id='par_1_11' title="bbox 297 4372 4016 4538">
     <span class='ocr_line' id='line_1_38' title="bbox 616 4372 4016 4448; baseline -0 -15"><span class='ocrx_word' id='word_1_512' title='bbox 616 4381 670 4446; x_wconf 83' lang='grc'><strong><em>5)</em></strong></span> <span class='ocrx_word' id='word_1_513' title='bbox 707 4380 765 4432; x_wconf 81' lang='lat' dir='ltr'><em>K</em></span> <span class='ocrx_word' id='word_1_514' title='bbox 799 4376 951 4433; x_wconf 55' lang='lat' dir='ltr'><strong><em>adu:</em></strong></span> <span class='ocrx_word' id='word_1_515' title='bbox 988 4378 1155 4433; x_wconf 77' lang='grc' dir='ltr'><strong><em>τοῦτο</em></strong></span> <span class='ocrx_word' id='word_1_516' title='bbox 1192 4373 1302 4448; x_wconf 74' lang='grc' dir='ltr'><strong><em>γάρ</em></strong></span> <span class='ocrx_word' id='word_1_517' title='bbox 1339 4373 1457 4434; x_wconf 76' lang='grc' dir='ltr'><strong><em>ἐστι</em></strong></span> <span class='ocrx_word' id='word_1_518' title='bbox 1494 4376 1558 4434; x_wconf 82' lang='grc' dir='ltr'><strong><em>τὸ</em></strong></span> <span class='ocrx_word' id='word_1_519' title='bbox 1595 4379 1897 4447; x_wconf 77' lang='grc' dir='ltr'><strong><em>δηλοῦσα</em></strong></span> <span class='ocrx_word' id='word_1_520' title='bbox 1933 4377 2046 4432; x_wconf 88' lang='grc' dir='ltr'><strong><em>τῶν</em></strong></span> <span class='ocrx_word' id='word_1_521' title='bbox 2083 4376 2436 4447; x_wconf 74' lang='grc' dir='ltr'><strong><em>συνδέσμων·</em></strong></span> <span class='ocrx_word' id='word_1_522' title='bbox 2486 4373 2627 4435; x_wconf 69' lang='grc' dir='ltr'><strong><em>ἔπτὰ</em></strong></span> <span class='ocrx_word' id='word_1_523' title='bbox 2666 4374 2951 4447; x_wconf 79' lang='grc' dir='ltr'><strong><em>διαφορὰς</em></strong></span> <span class='ocrx_word' id='word_1_524' title='bbox 2987 4373 3116 4447; x_wconf 86' lang='grc' dir='ltr'><strong><em>ἤτοι</em></strong></span> <span class='ocrx_word' id='word_1_525' title='bbox 3152 4372 3299 4432; x_wconf 81' lang='grc' dir='ltr'><strong><em>όκτῶ</em></strong></span> <span class='ocrx_word' id='word_1_526' title='bbox 3338 4394 3512 4447; x_wconf 80' lang='grc' dir='ltr'><strong><em>φησιν</em></strong></span> <span class='ocrx_word' id='word_1_527' title='bbox 3551 4373 3701 4432; x_wconf 81' lang='grc' dir='ltr'><strong><em>εἶναι</em></strong></span> <span class='ocrx_word' id='word_1_528' title='bbox 3736 4378 3847 4433; x_wconf 88' lang='grc' dir='ltr'><strong><em>τῶν</em></strong></span> <span class='ocrx_word' id='word_1_529' title='bbox 3885 4395 4016 4432; x_wconf 89' lang='grc' dir='ltr'><strong><em>συν-</em></strong></span> 
     </span>
     <span class='ocr_line' id='line_1_39' title="bbox 297 4462 2987 4538; baseline 0.001 -18"><span class='ocrx_word' id='word_1_530' title='bbox 297 4464 545 4537; x_wconf 80' lang='grc' dir='ltr'><strong><em>δέσμων·</em></strong></span> <span class='ocrx_word' id='word_1_531' title='bbox 582 4466 749 4521; x_wconf 75' lang='grc' dir='ltr'><strong><em>τοῦτο</em></strong></span> <span class='ocrx_word' id='word_1_532' title='bbox 787 4464 853 4522; x_wconf 76' lang='grc' dir='ltr'><strong><em>δέ</em></strong></span> <span class='ocrx_word' id='word_1_533' title='bbox 891 4486 1062 4538; x_wconf 81' lang='grc' dir='ltr'><strong><em>φημι,</em></strong></span> <span class='ocrx_word' id='word_1_534' title='bbox 1102 4462 1178 4529; x_wconf 83' lang='grc' dir='ltr'><strong><em>ῶς</em></strong></span> <span class='ocrx_word' id='word_1_535' title='bbox 1214 4467 1326 4522; x_wconf 90' lang='grc' dir='ltr'><strong><em>τῶν</em></strong></span> <span class='ocrx_word' id='word_1_536' title='bbox 1360 4466 1960 4537; x_wconf 87' lang='grc' dir='ltr'><strong><em>παραπληρωματικῶν</em></strong></span> <span class='ocrx_word' id='word_1_537' title='bbox 1996 4464 2139 4536; x_wconf 74' lang='grc' dir='ltr'><strong><em>μηδὲ</em></strong></span> <span class='ocrx_word' id='word_1_538' title='bbox 2178 4465 2507 4538; x_wconf 70' lang='grc' dir='ltr'><strong><em>συνδέσμων</em></strong></span> <span class='ocrx_word' id='word_1_539' title='bbox 2545 4464 2749 4538; x_wconf 75' lang='grc' dir='ltr'><strong><em>σχεδὸν</em></strong></span> <span class='ocrx_word' id='word_1_540' title='bbox 2786 4463 2987 4523; x_wconf 76' lang='grc' dir='ltr'><strong><em>ὄντων.</em></strong></span> 
     </span>
    </p>

    <p class='ocr_par' dir='ltr' id='par_1_12' title="bbox 295 4549 4018 4719">
     <span class='ocr_line' id='line_1_40' title="bbox 617 4549 4018 4629; baseline 0 -19"><span class='ocrx_word' id='word_1_541' title='bbox 617 4557 673 4625; x_wconf 85' lang='grc'>6)</span> <span class='ocrx_word' id='word_1_542' title='bbox 710 4558 765 4609; x_wconf 83' lang='lat' dir='ltr'><em>K</em></span> <span class='ocrx_word' id='word_1_543' title='bbox 796 4554 952 4611; x_wconf 56' lang='grc' dir='ltr'><strong><em>κλεὶς</em></strong></span> <span class='ocrx_word' id='word_1_544' title='bbox 990 4552 1158 4610; x_wconf 66' lang='grc' dir='ltr'><strong><em>τόνον</em></strong></span> <span class='ocrx_word' id='word_1_545' title='bbox 1196 4553 1261 4610; x_wconf 64' lang='grc' dir='ltr'><strong><em>δὲ</em></strong></span> <span class='ocrx_word' id='word_1_546' title='bbox 1301 4551 1420 4625; x_wconf 72' lang='grc' dir='ltr'><strong><em>ἔχει</em></strong></span> <span class='ocrx_word' id='word_1_547' title='bbox 1446 4549 1547 4609; x_wconf 79' lang='grc' dir='ltr'><strong><em>τὸν</em></strong></span> <span class='ocrx_word' id='word_1_548' title='bbox 1574 4552 1861 4623; x_wconf 75' lang='grc' dir='ltr'><strong><em>πρέποντα</em></strong></span> <span class='ocrx_word' id='word_1_549' title='bbox 1896 4552 2045 4620; x_wconf 70' lang='grc' dir='ltr'><strong><em>λέξει</em></strong></span> <span class='ocrx_word' id='word_1_550' title='bbox 2081 4551 2479 4629; x_wconf 76' lang='grc' dir='ltr'><strong><em>μονοσυλλάβῳ</em></strong></span> <span class='ocrx_word' id='word_1_551' title='bbox 2507 4551 3043 4628; x_wconf 73' lang='grc' dir='ltr'><strong><em>βραχυκαταλήκτφ,</em></strong></span> <span class='ocrx_word' id='word_1_552' title='bbox 3076 4552 3364 4611; x_wconf 83' lang='grc' dir='ltr'><strong><em>τουτέστιν</em></strong></span> <span class='ocrx_word' id='word_1_553' title='bbox 3391 4549 3532 4620; x_wconf 71' lang='grc' dir='ltr'><strong><em>ὀξύν</em></strong></span> <span class='ocrx_word' id='word_1_554' title='bbox 3568 4553 3675 4626; x_wconf 75' lang='grc' dir='ltr'><strong><em>μὲν</em></strong></span> <span class='ocrx_word' id='word_1_555' title='bbox 3708 4551 3852 4610; x_wconf 86' lang='grc' dir='ltr'><strong><em>καθ’</em></strong></span> <span class='ocrx_word' id='word_1_556' title='bbox 3883 4550 4018 4610; x_wconf 76' lang='grc' dir='ltr'><strong><em>ἕαυ·</em></strong></span> 
     </span>
     <span class='ocr_line' id='line_1_41' title="bbox 295 4637 3062 4719; baseline 0.001 -22"><span class='ocrx_word' id='word_1_557' title='bbox 295 4637 423 4712; x_wconf 90' lang='grc' dir='ltr'><strong><em>τόν,</em></strong></span> <span class='ocrx_word' id='word_1_558' title='bbox 462 4637 525 4697; x_wconf 69' lang='grc' dir='ltr'><strong><em>ὗν</em></strong></span> <span class='ocrx_word' id='word_1_559' title='bbox 561 4639 625 4698; x_wconf 67' lang='grc' dir='ltr'><strong><em>δὲ</em></strong></span> <span class='ocrx_word' id='word_1_560' title='bbox 663 4642 731 4714; x_wconf 86' lang='grc' dir='ltr'><strong><em>τῇ</em></strong></span> <span class='ocrx_word' id='word_1_561' title='bbox 770 4644 1039 4717; x_wconf 73' lang='grc' dir='ltr'><strong><em>σννεπείᾳ</em></strong></span> <span class='ocrx_word' id='word_1_562' title='bbox 1079 4637 1402 4716; x_wconf 80' lang='grc' dir='ltr'><strong><em>βαρύνεται.</em></strong></span> <span class='ocrx_word' id='word_1_563' title='bbox 1619 4642 1673 4711; x_wconf 83' lang='grc'>7)</span> <span class='ocrx_word' id='word_1_564' title='bbox 1710 4645 1763 4698; x_wconf 82' lang='lat' dir='ltr'><em>K</em></span> <span class='ocrx_word' id='word_1_565' title='bbox 1797 4642 1952 4700; x_wconf 76' lang='lat' dir='ltr'><strong>add.=</strong></span> <span class='ocrx_word' id='word_1_566' title='bbox 1989 4638 2159 4699; x_wconf 83' lang='grc' dir='ltr'><strong><em>τόνον</em></strong></span> <span class='ocrx_word' id='word_1_567' title='bbox 2193 4642 2260 4700; x_wconf 71' lang='grc' dir='ltr'><strong><em>δὲ</em></strong></span> <span class='ocrx_word' id='word_1_568' title='bbox 2299 4642 2416 4715; x_wconf 72' lang='grc' dir='ltr'><strong><em>ἔχει</em></strong></span> <span class='ocrx_word' id='word_1_569' title='bbox 2452 4639 2554 4699; x_wconf 85' lang='grc' dir='ltr'><strong><em>τὸν</em></strong></span> <span class='ocrx_word' id='word_1_570' title='bbox 2591 4637 2790 4716; x_wconf 75' lang='grc' dir='ltr'><strong><em>ὅμοιον</em></strong></span> <span class='ocrx_word' id='word_1_571' title='bbox 2824 4645 2900 4719; x_wconf 80' lang='grc' dir='ltr'><strong><em>τῷ</em></strong></span> <span class='ocrx_word' id='word_1_572' title='bbox 2937 4643 3062 4717; x_wconf 79' lang='grc' dir='ltr'><strong><em>μέν.</em></strong></span> 
     </span>
    </p>

    <p class='ocr_par' dir='ltr' id='par_1_13' title="bbox 293 4726 4019 5070">
     <span class='ocr_line' id='line_1_42' title="bbox 615 4726 4019 4804; baseline 0 -19"><span class='ocrx_word' id='word_1_573' title='bbox 615 4736 671 4801; x_wconf 85' lang='grc'>8)</span> <span class='ocrx_word' id='word_1_574' title='bbox 709 4735 764 4786; x_wconf 81' lang='lat' dir='ltr'><em>K</em></span> <span class='ocrx_word' id='word_1_575' title='bbox 797 4731 953 4788; x_wconf 51' lang='lat' dir='ltr'><strong><em>adm:</em></strong></span> <span class='ocrx_word' id='word_1_576' title='bbox 990 4726 1159 4787; x_wconf 87' lang='grc' dir='ltr'><strong><em>τόνον</em></strong></span> <span class='ocrx_word' id='word_1_577' title='bbox 1197 4730 1261 4787; x_wconf 69' lang='grc' dir='ltr'><strong><em>δὲ</em></strong></span> <span class='ocrx_word' id='word_1_578' title='bbox 1302 4728 1418 4801; x_wconf 74' lang='grc' dir='ltr'><strong><em>ἔχει</em></strong></span> <span class='ocrx_word' id='word_1_579' title='bbox 1454 4726 1661 4802; x_wconf 80' lang='grc' dir='ltr'><strong><em>ὁμοίως</em></strong></span> <span class='ocrx_word' id='word_1_580' title='bbox 1696 4735 1815 4794; x_wconf 81' lang='grc' dir='ltr'><strong><em>τοῖς</em></strong></span> <span class='ocrx_word' id='word_1_581' title='bbox 1848 4729 2278 4803; x_wconf 78' lang='grc' dir='ltr'><strong><em>προειρημένοις</em></strong></span> <span class='ocrx_word' id='word_1_582' title='bbox 2312 4729 2669 4804; x_wconf 74' lang='grc' dir='ltr'><strong><em>συνδέσμοις·</em></strong></span> <span class='ocrx_word' id='word_1_583' title='bbox 2716 4732 2982 4789; x_wconf 79' lang='grc' dir='ltr'><strong><em>τέτακται</em></strong></span> <span class='ocrx_word' id='word_1_584' title='bbox 3025 4730 3133 4804; x_wconf 76' lang='grc' dir='ltr'><strong><em>γὰρ</em></strong></span> <span class='ocrx_word' id='word_1_585' title='bbox 3182 4729 3246 4789; x_wconf 72' lang='grc' dir='ltr'><strong><em>ἐν</em></strong></span> <span class='ocrx_word' id='word_1_586' title='bbox 3281 4739 3399 4797; x_wconf 74' lang='grc' dir='ltr'><strong><em>τοῖς</em></strong></span> <span class='ocrx_word' id='word_1_587' title='bbox 3437 4728 3768 4803; x_wconf 70' lang='grc' dir='ltr'><strong><em>ἔγκλιτικοῖς</em></strong></span> <span class='ocrx_word' id='word_1_588' title='bbox 3802 4732 4019 4804; x_wconf 81' lang='grc' dir='ltr'><strong><em>μορίοις</em></strong></span> 
     </span>
     <span class='ocr_line' id='line_1_43' title="bbox 293 4811 4013 4892; baseline 0 -18"><span class='ocrx_word' id='word_1_589' title='bbox 293 4825 413 4883; x_wconf 73' lang='grc' dir='ltr'><strong><em>τοῖς</em></strong></span> <span class='ocrx_word' id='word_1_590' title='bbox 457 4814 797 4876; x_wconf 75' lang='grc' dir='ltr'><strong><em>ἀπολλύουσι</em></strong></span> <span class='ocrx_word' id='word_1_591' title='bbox 842 4815 944 4875; x_wconf 82' lang='grc' dir='ltr'><strong><em>τὸν</em></strong></span> <span class='ocrx_word' id='word_1_592' title='bbox 988 4816 1157 4876; x_wconf 89' lang='grc' dir='ltr'><strong><em>τόνον</em></strong></span> <span class='ocrx_word' id='word_1_593' title='bbox 1201 4816 1579 4891; x_wconf 74' lang='grc' dir='ltr'><strong><em>προκειμένου</em></strong></span> <span class='ocrx_word' id='word_1_594' title='bbox 1628 4815 1757 4883; x_wconf 71' lang='grc' dir='ltr'><strong><em>ἑνὸς</em></strong></span> <span class='ocrx_word' id='word_1_595' title='bbox 1801 4821 1914 4875; x_wconf 89' lang='grc' dir='ltr'><strong><em>τῶν</em></strong></span> <span class='ocrx_word' id='word_1_596' title='bbox 1957 4821 2126 4890; x_wconf 86' lang='grc' dir='ltr'><strong><em>τριῶν</em></strong></span> <span class='ocrx_word' id='word_1_597' title='bbox 2170 4817 2736 4892; x_wconf 75' lang='grc' dir='ltr'><strong><em>παραφυλαγμᾶτων,</em></strong></span> <span class='ocrx_word' id='word_1_598' title='bbox 2782 4815 2819 4891; x_wconf 80' lang='grc' dir='ltr'>ἢ</span> <span class='ocrx_word' id='word_1_599' title='bbox 2867 4817 3140 4888; x_wconf 74' lang='grc' dir='ltr'><strong><em>όξυτόνου</em></strong></span> <span class='ocrx_word' id='word_1_600' title='bbox 3186 4820 3387 4889; x_wconf 74' lang='grc' dir='ltr'><strong><em>λέξεως</em></strong></span> <span class='ocrx_word' id='word_1_601' title='bbox 3432 4814 3468 4892; x_wconf 79' lang='grc' dir='ltr'>ἦ</span> <span class='ocrx_word' id='word_1_602' title='bbox 3515 4820 3943 4892; x_wconf 82' lang='grc' dir='ltr'><strong><em>περισπωμένης</em></strong></span> <span class='ocrx_word' id='word_1_603' title='bbox 3976 4811 4013 4890; x_wconf 80' lang='grc' dir='ltr'><strong><em>ἢ</em></strong></span> 
     </span>
     <span class='ocr_line' id='line_1_44' title="bbox 294 4902 4019 4984; baseline -0 -21"><span class='ocrx_word' id='word_1_604' title='bbox 294 4907 868 4980; x_wconf 73' lang='grc' dir='ltr'><strong><em>προπαροξυνομένης</em></strong></span> <span class='ocrx_word' id='word_1_605' title='bbox 902 4902 939 4978; x_wconf 82' lang='grc' dir='ltr'>ἦ</span> <span class='ocrx_word' id='word_1_606' title='bbox 972 4910 1289 4980; x_wconf 75' lang='grc' dir='ltr'><strong><em>τροχαϊκῆς.</em></strong></span> <span class='ocrx_word' id='word_1_607' title='bbox 1470 4914 1523 4978; x_wconf 87' lang='grc'>9)</span> <span class='ocrx_word' id='word_1_608' title='bbox 1561 4912 1616 4963; x_wconf 79' lang='grc' dir='ltr'><strong><em>Ι(</em></strong></span> <span class='ocrx_word' id='word_1_609' title='bbox 1649 4908 1802 4965; x_wconf 79' lang='lat' dir='ltr'><strong>add.=</strong></span> <span class='ocrx_word' id='word_1_610' title='bbox 1838 4906 2007 4967; x_wconf 88' lang='grc' dir='ltr'><strong><em>τόνον</em></strong></span> <span class='ocrx_word' id='word_1_611' title='bbox 2044 4910 2109 4966; x_wconf 71' lang='grc' dir='ltr'><strong><em>δὲ</em></strong></span> <span class='ocrx_word' id='word_1_612' title='bbox 2140 4908 2256 4981; x_wconf 72' lang='grc' dir='ltr'><strong><em>ἔχει</em></strong></span> <span class='ocrx_word' id='word_1_613' title='bbox 2292 4905 2490 4981; x_wconf 77' lang='grc' dir='ltr'><strong><em>ὅμοιον</em></strong></span> <span class='ocrx_word' id='word_1_614' title='bbox 2526 4910 2602 4984; x_wconf 80' lang='grc' dir='ltr'><strong><em>τῷ</em></strong></span> <span class='ocrx_word' id='word_1_615' title='bbox 2642 4907 2762 4981; x_wconf 77' lang='grc' dir='ltr'><strong><em>μέν.</em></strong></span> <span class='ocrx_word' id='word_1_616' title='bbox 2835 4912 2965 4979; x_wconf 70' lang='grc' dir='ltr'><strong><em>περὶ</em></strong></span> <span class='ocrx_word' id='word_1_617' title='bbox 2997 4911 3062 4967; x_wconf 75' lang='grc' dir='ltr'><strong><em>δὲ</em></strong></span> <span class='ocrx_word' id='word_1_618' title='bbox 3100 4908 3272 4967; x_wconf 85' lang='grc' dir='ltr'><strong><em>τόνου</em></strong></span> <span class='ocrx_word' id='word_1_619' title='bbox 3307 4913 3369 4967; x_wconf 91' lang='grc' dir='ltr'><strong><em>τί</em></strong></span> <span class='ocrx_word' id='word_1_620' title='bbox 3398 4928 3488 4965; x_wconf 92' lang='grc' dir='ltr'><strong><em>σοι</em></strong></span> <span class='ocrx_word' id='word_1_621' title='bbox 3523 4904 3669 4965; x_wconf 82' lang='grc' dir='ltr'><strong><em>καθ’</em></strong></span> <span class='ocrx_word' id='word_1_622' title='bbox 3703 4906 3803 4963; x_wconf 74' lang='grc' dir='ltr'><strong><em>ἕνα</em></strong></span> <span class='ocrx_word' id='word_1_623' title='bbox 3841 4910 3995 4979; x_wconf 81' lang='grc' dir='ltr'><strong><em>φημί</em></strong></span> <span class='ocrx_word' id='word_1_624' title='bbox 3999 4931 4019 4977; x_wconf 79' lang='lat'>3</span> 
     </span>
     <span class='ocr_line' id='line_1_45' title="bbox 296 4992 2923 5070; baseline 0.001 -17"><span class='ocrx_word' id='word_1_625' title='bbox 296 4998 461 5070; x_wconf 80' lang='grc' dir='ltr'><strong><em>κοινῇ</em></strong></span> <span class='ocrx_word' id='word_1_626' title='bbox 498 4993 607 5068; x_wconf 77' lang='grc' dir='ltr'><strong><em>γὰρ</em></strong></span> <span class='ocrx_word' id='word_1_627' title='bbox 643 4995 872 5053; x_wconf 75' lang='grc' dir='ltr'><strong><em>πάντων</em></strong></span> <span class='ocrx_word' id='word_1_628' title='bbox 908 4999 1329 5068; x_wconf 82' lang='grc' dir='ltr'><strong><em>συμπλεκτικῶν</em></strong></span> <span class='ocrx_word' id='word_1_629' title='bbox 1367 4996 1694 5069; x_wconf 85' lang='grc' dir='ltr'><strong><em>συνδέσμων</em></strong></span> <span class='ocrx_word' id='word_1_630' title='bbox 1731 4992 2117 5070; x_wconf 72' lang='grc' dir='ltr'><strong><em>όξυνομένων,</em></strong></span> <span class='ocrx_word' id='word_1_631' title='bbox 2153 4999 2606 5070; x_wconf 74' lang='grc' dir='ltr'><strong><em>σεσημειωμόνον</em></strong></span> <span class='ocrx_word' id='word_1_632' title='bbox 2643 5000 2743 5056; x_wconf 79' lang='grc' dir='ltr'><strong><em>τοῦ</em></strong></span> <span class='ocrx_word' id='word_1_633' title='bbox 2780 4995 2923 5069; x_wconf 85' lang='grc' dir='ltr'><strong><em>ἤτοι.</em></strong></span> 
     </span>
    </p>

    <p class='ocr_par' dir='ltr' id='par_1_14' title="bbox 293 5081 4017 5252">
     <span class='ocr_line' id='line_1_46' title="bbox 620 5081 4017 5165; baseline 0.001 -24"><span class='ocrx_word' id='word_1_634' title='bbox 620 5090 709 5158; x_wconf 89' lang='grc'>10)</span> <span class='ocrx_word' id='word_1_635' title='bbox 746 5091 801 5142; x_wconf 80' lang='grc' dir='ltr'><strong><em>Ι(</em></strong></span> <span class='ocrx_word' id='word_1_636' title='bbox 834 5087 987 5144; x_wconf 84' lang='lat' dir='ltr'><strong>add.:</strong></span> <span class='ocrx_word' id='word_1_637' title='bbox 1026 5088 1124 5144; x_wconf 82' lang='grc' dir='ltr'><strong><em>καὶ</em></strong></span> <span class='ocrx_word' id='word_1_638' title='bbox 1161 5085 1225 5144; x_wconf 78' lang='grc' dir='ltr'><strong><em>ἐν</em></strong></span> <span class='ocrx_word' id='word_1_639' title='bbox 1252 5088 1319 5161; x_wconf 80' lang='grc' dir='ltr'><strong><em>τῇ</em></strong></span> <span class='ocrx_word' id='word_1_640' title='bbox 1349 5089 1622 5161; x_wconf 78' lang='grc' dir='ltr'><strong><em>συνεπείᾳ</em></strong></span> <span class='ocrx_word' id='word_1_641' title='bbox 1652 5083 1982 5161; x_wconf 85' lang='grc' dir='ltr'><strong><em>βαρύνεται·</em></strong></span> <span class='ocrx_word' id='word_1_642' title='bbox 2020 5090 2245 5145; x_wconf 84' lang='grc' dir='ltr'><strong><em>τίθεται</em></strong></span> <span class='ocrx_word' id='word_1_643' title='bbox 2272 5088 2337 5145; x_wconf 71' lang='grc' dir='ltr'><strong><em>δὲ</em></strong></span> <span class='ocrx_word' id='word_1_644' title='bbox 2375 5084 2502 5159; x_wconf 86' lang='grc' dir='ltr'><strong><em>ἤτοι</em></strong></span> <span class='ocrx_word' id='word_1_645' title='bbox 2527 5090 2862 5159; x_wconf 83' lang='grc' dir='ltr'><strong><em>προτίθεται</em></strong></span> <span class='ocrx_word' id='word_1_646' title='bbox 2898 5089 2996 5145; x_wconf 80' lang='grc' dir='ltr'><strong><em>καὶ</em></strong></span> <span class='ocrx_word' id='word_1_647' title='bbox 3033 5086 3097 5147; x_wconf 70' lang='grc' dir='ltr'><strong><em>ἐν</em></strong></span> <span class='ocrx_word' id='word_1_648' title='bbox 3133 5090 3209 5165; x_wconf 79' lang='grc' dir='ltr'><strong><em>τῷ</em></strong></span> <span class='ocrx_word' id='word_1_649' title='bbox 3246 5087 3497 5160; x_wconf 74' lang='grc' dir='ltr'><strong><em>προτέρῳ</em></strong></span> <span class='ocrx_word' id='word_1_650' title='bbox 3534 5086 3632 5142; x_wconf 76' lang='grc' dir='ltr'><strong><em>καὶ</em></strong></span> <span class='ocrx_word' id='word_1_651' title='bbox 3671 5081 3734 5143; x_wconf 68' lang='grc' dir='ltr'><strong><em>δν</em></strong></span> <span class='ocrx_word' id='word_1_652' title='bbox 3771 5087 3846 5161; x_wconf 76' lang='grc' dir='ltr'><strong><em>τῶ</em></strong></span> <span class='ocrx_word' id='word_1_653' title='bbox 3886 5089 4017 5143; x_wconf 84' lang='grc' dir='ltr'><strong><em>δευ-</em></strong></span> 
     </span>
     <span class='ocr_line' id='line_1_47' title="bbox 293 5168 1815 5252; baseline 0.002 -20"><span class='ocrx_word' id='word_1_654' title='bbox 293 5173 440 5250; x_wconf 80' lang='grc' dir='ltr'><strong><em>τέρῳ</em></strong></span> <span class='ocrx_word' id='word_1_655' title='bbox 478 5171 652 5252; x_wconf 76' lang='grc' dir='ltr'><strong><em>λόγῳ,</em></strong></span> <span class='ocrx_word' id='word_1_656' title='bbox 690 5168 1005 5248; x_wconf 74' lang='grc' dir='ltr'><strong><em>ἀρχόμενος</em></strong></span> <span class='ocrx_word' id='word_1_657' title='bbox 1040 5175 1136 5233; x_wconf 71' lang='grc' dir='ltr'><strong><em>καὶ</em></strong></span> <span class='ocrx_word' id='word_1_658' title='bbox 1174 5178 1287 5233; x_wconf 86' lang='grc' dir='ltr'><strong><em>τῶν</em></strong></span> <span class='ocrx_word' id='word_1_659' title='bbox 1322 5174 1558 5249; x_wconf 75' lang='grc' dir='ltr'><strong><em>πρῶτων</em></strong></span> <span class='ocrx_word' id='word_1_660' title='bbox 1595 5175 1815 5246; x_wconf 77' lang='grc' dir='ltr'><strong><em>λέξεων.</em></strong></span> 
     </span>
    </p>

    <p class='ocr_par' dir='ltr' id='par_1_15' title="bbox 3557 5289 3589 5338">
     <span class='ocr_line' id='line_1_48' title="bbox 3557 5289 3589 5338; baseline 0 0"><span class='ocrx_word' id='word_1_661' title='bbox 3557 5289 3589 5338; x_wconf 88' lang='grc'>3</span> 
     </span>
    </p>
   </div>
   <div class='ocr_carea' id='block_1_8' title="bbox 4801 834 4802 1908">
    <p class='ocr_par' dir='ltr' id='par_1_16' title="bbox 4801 834 4802 1908">
     <span class='ocr_line' id='line_1_49' title="bbox 4801 834 4802 1908; baseline 0 0"><span class='ocrx_word' id='word_1_662' title='bbox 4801 834 4802 1908; x_wconf 95' lang='lat' dir='ltr'><strong><em> </em></strong></span> 
     </span>
    </p>
   </div>
   <div class='ocr_carea' id='block_1_9' title="bbox 4789 2166 4806 2705">
    <p class='ocr_par' dir='ltr' id='par_1_17' title="bbox 4789 2166 4806 2705">
     <span class='ocr_line' id='line_1_50' title="bbox 4789 2166 4806 2705; baseline 0 3254"><span class='ocrx_word' id='word_1_663' title='bbox 4789 2166 4806 2705; x_wconf 95' lang='lat' dir='ltr'><strong><em> </em></strong></span> 
     </span>
    </p>
   </div>
   <div class='ocr_carea' id='block_1_10' title="bbox 4801 2699 4803 3423">
    <p class='ocr_par' dir='ltr' id='par_1_18' title="bbox 4801 2699 4803 3423">
     <span class='ocr_line' id='line_1_51' title="bbox 4801 2699 4803 3423; baseline 0 0"><span class='ocrx_word' id='word_1_664' title='bbox 4801 2699 4803 3423; x_wconf 95' lang='lat' dir='ltr'><strong><em> </em></strong></span> 
     </span>
    </p>
   </div>
  </div>
 </body>
</html>
