<?xml version="1.0" encoding="UTF-8"?>
<!DOCTYPE html PUBLIC "-//W3C//DTD XHTML 1.0 Transitional//EN"
    "http://www.w3.org/TR/xhtml1/DTD/xhtml1-transitional.dtd">
<html xmlns="http://www.w3.org/1999/xhtml" xml:lang="en" lang="en">
 <head>
  <title>
</title>
<meta http-equiv="Content-Type" content="text/html;charset=utf-8" />
  <meta name='ocr-system' content='tesseract 3.04.00' />
  <meta name='ocr-capabilities' content='ocr_page ocr_carea ocr_par ocr_line ocrx_word'/>
</head>
<body>
  <div class='ocr_page' id='page_1' title='image "./deartisgrammati00hilggoog_0048.png"; bbox 0 0 4809 5959; ppageno 0'>
   <div class='ocr_carea' id='block_1_1' title="bbox 2446 481 2886 546">
    <p class='ocr_par' dir='ltr' id='par_1_1' title="bbox 2446 481 2886 546">
     <span class='ocr_line' id='line_1_1' title="bbox 2446 481 2886 546; baseline 0 -18"><span class='ocrx_word' id='word_1_1' title='bbox 2446 481 2886 546; x_wconf 76' lang='lat'>-44-</span> 
     </span>
    </p>
   </div>
   <div class='ocr_carea' id='block_1_2' title="bbox 693 653 4527 3299">
    <p class='ocr_par' dir='ltr' id='par_1_2' title="bbox 693 653 4527 3299">
     <span class='ocr_line' id='line_1_2' title="bbox 806 653 4526 745; baseline 0 -23"><span class='ocrx_word' id='word_1_2' title='bbox 806 653 1244 725; x_wconf 84' lang='grc' dir='ltr'><strong><em>κύκλωθεν·</em></strong></span> <span class='ocrx_word' id='word_1_3' title='bbox 1307 654 1388 724; x_wconf 77' lang='grc' dir='ltr'><strong><em>τὰ</em></strong></span> <span class='ocrx_word' id='word_1_4' title='bbox 1452 654 1527 725; x_wconf 75' lang='grc' dir='ltr'><strong><em>δὲ</em></strong></span> <span class='ocrx_word' id='word_1_5' title='bbox 1588 658 2020 745; x_wconf 87' lang='grc' dir='ltr'><strong><em>παντόθεν,</em></strong></span> <span class='ocrx_word' id='word_1_6' title='bbox 2087 653 2537 744; x_wconf 76' lang='grc' dir='ltr'><strong><em>ἀλλαχόθεν</em></strong></span> <span class='ocrx_word' id='word_1_7' title='bbox 2592 660 3069 743; x_wconf 86' lang='grc' dir='ltr'><strong><em>σεσημείωνται</em></strong></span> <span class='ocrx_word' id='word_1_8' title='bbox 3121 656 3233 724; x_wconf 83' lang='grc' dir='ltr'><strong><em>καὶ</em></strong></span> <span class='ocrx_word' id='word_1_9' title='bbox 3286 653 3366 724; x_wconf 77' lang='grc' dir='ltr'><strong><em>τὰ</em></strong></span> <span class='ocrx_word' id='word_1_10' title='bbox 3414 653 3630 744; x_wconf 79' lang='grc' dir='ltr'><strong><em>ὅμοια.</em></strong></span> <span class='ocrx_word' id='word_1_11' title='bbox 3720 660 3877 725; x_wconf 82' lang='grc' dir='ltr'><strong><em>Πᾶν</em></strong></span> <span class='ocrx_word' id='word_1_12' title='bbox 3932 659 4259 745; x_wconf 75' lang='grc' dir='ltr'><strong><em>ἐπίρρημα</em></strong></span> <span class='ocrx_word' id='word_1_13' title='bbox 4314 658 4526 736; x_wconf 64' lang='lat' dir='ltr'><strong><em>seg-Tg</em></strong></span> 
     </span>
     <span class='ocr_line' id='line_1_3' title="bbox 807 757 4522 852; baseline 0 -22"><span class='ocrx_word' id='word_1_14' title='bbox 807 765 1015 848; x_wconf 89' lang='grc' dir='ltr'><strong><em>λῆγον</em></strong></span> <span class='ocrx_word' id='word_1_15' title='bbox 1083 759 1194 830; x_wconf 83' lang='grc' dir='ltr'><strong><em>διὰ</em></strong></span> <span class='ocrx_word' id='word_1_16' title='bbox 1258 766 1383 831; x_wconf 88' lang='grc' dir='ltr'><strong><em>τοῦ</em></strong></span> <span class='ocrx_word' id='word_1_17' title='bbox 1449 777 1476 830; x_wconf 91' lang='grc' dir='ltr'><em>ῐ</em></span> <span class='ocrx_word' id='word_1_18' title='bbox 1534 762 1891 852; x_wconf 77' lang='grc' dir='ltr'><em>γράφεται,</em></span> <span class='ocrx_word' id='word_1_19' title='bbox 1959 757 2108 832; x_wconf 84' lang='grc' dir='ltr'><strong><em>οἷον</em></strong></span> <span class='ocrx_word' id='word_1_20' title='bbox 2170 760 2655 849; x_wconf 79' lang='grc' dir='ltr'><strong><em>πλειστάκις,</em></strong></span> <span class='ocrx_word' id='word_1_21' title='bbox 2731 759 3124 850; x_wconf 78' lang='grc' dir='ltr'><strong><em>ὀλιγάκις,</em></strong></span> <span class='ocrx_word' id='word_1_22' title='bbox 3197 761 3584 852; x_wconf 80' lang='grc' dir='ltr'><strong><em>τετράκις,</em></strong></span> <span class='ocrx_word' id='word_1_23' title='bbox 3655 762 4056 850; x_wconf 86' lang='grc' dir='ltr'><strong><em>πεντάκις,</em></strong></span> <span class='ocrx_word' id='word_1_24' title='bbox 4121 759 4522 851; x_wconf 82' lang='grc' dir='ltr'><strong><em>μυριάκις,</em></strong></span> 
     </span>
     <span class='ocr_line' id='line_1_4' title="bbox 806 860 4523 958; baseline -0 -21"><span class='ocrx_word' id='word_1_25' title='bbox 806 868 1216 953; x_wconf 80' lang='grc' dir='ltr'><strong><em>πολλάκις,</em></strong></span> <span class='ocrx_word' id='word_1_26' title='bbox 1264 873 1414 956; x_wconf 89' lang='grc' dir='ltr'><strong><em>δίς,</em></strong></span> <span class='ocrx_word' id='word_1_27' title='bbox 1460 876 1656 957; x_wconf 88' lang='grc' dir='ltr'><strong><em>τρίς,</em></strong></span> <span class='ocrx_word' id='word_1_28' title='bbox 1703 869 1958 958; x_wconf 83' lang='grc' dir='ltr'><strong><em>μόλις,</em></strong></span> <span class='ocrx_word' id='word_1_29' title='bbox 2007 866 2209 957; x_wconf 78' lang='grc' dir='ltr'><strong><em>ἅλις,</em></strong></span> <span class='ocrx_word' id='word_1_30' title='bbox 2256 870 2554 958; x_wconf 78' lang='grc' dir='ltr'><strong><em>μέχρις,</em></strong></span> <span class='ocrx_word' id='word_1_31' title='bbox 2600 874 2869 957; x_wconf 76' lang='grc' dir='ltr'><strong><em>χωρίς,</em></strong></span> <span class='ocrx_word' id='word_1_32' title='bbox 2915 860 3171 950; x_wconf 82' lang='grc' dir='ltr'><strong><em>αὖθις.</em></strong></span> <span class='ocrx_word' id='word_1_33' title='bbox 3262 870 3500 938; x_wconf 82' lang='grc' dir='ltr'><strong><em>Πάντα</em></strong></span> <span class='ocrx_word' id='word_1_34' title='bbox 3544 894 3625 937; x_wconf 88' lang='grc' dir='ltr'><strong><em>τα</em></strong></span> <span class='ocrx_word' id='word_1_35' title='bbox 3674 868 3907 939; x_wconf 89' lang='grc' dir='ltr'><strong><em>θετικα</em></strong></span> <span class='ocrx_word' id='word_1_36' title='bbox 3954 868 4363 958; x_wconf 75' lang='grc' dir='ltr'><strong><em>ἐπιρρήματα</em></strong></span> <span class='ocrx_word' id='word_1_37' title='bbox 4408 864 4523 936; x_wconf 82' lang='grc' dir='ltr'><strong><em>διὰ</em></strong></span> 
     </span>
     <span class='ocr_line' id='line_1_5' title="bbox 805 974 4521 1083; baseline -0.001 -39"><span class='ocrx_word' id='word_1_38' title='bbox 805 976 1021 1062; x_wconf 88' lang='grc' dir='ltr'><strong><em>μόνου</em></strong></span> <span class='ocrx_word' id='word_1_39' title='bbox 1084 980 1205 1045; x_wconf 86' lang='grc' dir='ltr'><strong><em>τοῦ</em></strong></span> <span class='ocrx_word' id='word_1_40' title='bbox 1257 987 1292 1044; x_wconf 79' lang='grc' dir='ltr'><strong><em>’ἑ</em></strong></span> <span class='ocrx_word' id='word_1_41' title='bbox 1346 974 1703 1063; x_wconf 80' lang='grc' dir='ltr'><strong><em>γράφεται,</em></strong></span> <span class='ocrx_word' id='word_1_42' title='bbox 1767 977 2230 1062; x_wconf 78' lang='grc' dir='ltr'><strong><em>πλευστέον,</em></strong></span> <span class='ocrx_word' id='word_1_43' title='bbox 2294 974 2658 1063; x_wconf 82' lang='grc' dir='ltr'><strong><em>νοητέον,</em></strong></span> <span class='ocrx_word' id='word_1_44' title='bbox 2722 977 3098 1062; x_wconf 82' lang='grc' dir='ltr'><strong><em>ποιητέον</em></strong></span> <span class='ocrx_word' id='word_1_45' title='bbox 3161 975 3272 1042; x_wconf 84' lang='grc' dir='ltr'><strong><em>καὶ</em></strong></span> <span class='ocrx_word' id='word_1_46' title='bbox 3335 974 3414 1042; x_wconf 80' lang='grc' dir='ltr'><strong><em>τὰ</em></strong></span> <span class='ocrx_word' id='word_1_47' title='bbox 3484 998 3709 1064; x_wconf 88' lang='grc' dir='ltr'><strong><em>ομοια·</em></strong></span> <span class='ocrx_word' id='word_1_48' title='bbox 3773 1000 3908 1045; x_wconf 92' lang='grc' dir='ltr'><strong><em>παν</em></strong></span> <span class='ocrx_word' id='word_1_49' title='bbox 3965 977 4293 1083; x_wconf 79' lang='grc' dir='ltr'><strong><em>ἐπίρρημα</em></strong></span> <span class='ocrx_word' id='word_1_50' title='bbox 4355 1000 4521 1042; x_wconf 89' lang='grc' dir='ltr'><strong><em>κατα</em></strong></span> 
     </span>
     <span class='ocr_line' id='line_1_6' title="bbox 735 1048 4523 1171; baseline 0 -23"><span class='ocrx_word' id='word_1_51' title='bbox 735 1100 768 1148; x_wconf 76' lang='lat'><strong>5</strong></span> <span class='ocrx_word' id='word_1_52' title='bbox 804 1081 1201 1171; x_wconf 81' lang='grc' dir='ltr'><strong><em>προσθήκην</em></strong></span> <span class='ocrx_word' id='word_1_53' title='bbox 1251 1081 1615 1170; x_wconf 78' lang='grc' dir='ltr'><strong><em>δεξάμενον</em></strong></span> <span class='ocrx_word' id='word_1_54' title='bbox 1659 1080 1736 1151; x_wconf 88' lang='grc' dir='ltr'><strong><em>τὸ</em></strong></span> <span class='ocrx_word' id='word_1_55' title='bbox 1787 1098 1814 1149; x_wconf 91' lang='grc' dir='ltr'><em>ῐ</em></span> <span class='ocrx_word' id='word_1_56' title='bbox 1856 1079 1946 1152; x_wconf 87' lang='grc' dir='ltr'><strong><em>δι’</em></strong></span> <span class='ocrx_word' id='word_1_57' title='bbox 1999 1081 2211 1153; x_wconf 83' lang='grc' dir='ltr'><strong><em>αὐτοῦ</em></strong></span> <span class='ocrx_word' id='word_1_58' title='bbox 2254 1080 2613 1171; x_wconf 83' lang='grc' dir='ltr'><strong><em>γράφεται,</em></strong></span> <span class='ocrx_word' id='word_1_59' title='bbox 2660 1085 2917 1170; x_wconf 84' lang='grc' dir='ltr'><strong><em>δευρί,</em></strong></span> <span class='ocrx_word' id='word_1_60' title='bbox 2976 1086 3194 1169; x_wconf 89' lang='grc' dir='ltr'><strong><em>νυνί,</em></strong></span> <span class='ocrx_word' id='word_1_61' title='bbox 3251 1077 3575 1167; x_wconf 78' lang='grc' dir='ltr'><strong><em>οὑτωσί,</em></strong></span> <span class='ocrx_word' id='word_1_62' title='bbox 3633 1083 3946 1151; x_wconf 88' lang='grc' dir='ltr'><strong><em>ἐνθαδί·</em></strong></span> <span class='ocrx_word' id='word_1_63' title='bbox 4001 1085 4137 1150; x_wconf 80' lang='grc' dir='ltr'><strong><em>πᾶν</em></strong></span> <span class='ocrx_word' id='word_1_64' title='bbox 4193 1048 4523 1169; x_wconf 77' lang='grc' dir='ltr'><strong><em>ἐπίρρημα</em></strong></span> 
     </span>
     <span class='ocr_line' id='line_1_7' title="bbox 805 1181 4519 1277; baseline -0.001 -20"><span class='ocrx_word' id='word_1_65' title='bbox 805 1192 900 1269; x_wconf 82' lang='grc' dir='ltr'><strong><em>εἰς</em></strong></span> <span class='ocrx_word' id='word_1_66' title='bbox 944 1215 975 1256; x_wconf 89' lang='grc' dir='ltr'><strong><em>ε</em></strong></span> <span class='ocrx_word' id='word_1_67' title='bbox 1020 1194 1230 1277; x_wconf 86' lang='grc' dir='ltr'><strong><em>λῆγον</em></strong></span> <span class='ocrx_word' id='word_1_68' title='bbox 1274 1214 1403 1257; x_wconf 88' lang='grc' dir='ltr'><strong><em>καν</em></strong></span> <span class='ocrx_word' id='word_1_69' title='bbox 1450 1215 1517 1257; x_wconf 92' lang='grc' dir='ltr'><strong><em>τε</em></strong></span> <span class='ocrx_word' id='word_1_70' title='bbox 1565 1187 1889 1271; x_wconf 80' lang='grc' dir='ltr'><strong><em>ὀξύτονον</em></strong></span> <span class='ocrx_word' id='word_1_71' title='bbox 1942 1187 2070 1258; x_wconf 79' lang='grc' dir='ltr'><strong><em>κᾶν</em></strong></span> <span class='ocrx_word' id='word_1_72' title='bbox 2124 1215 2193 1257; x_wconf 91' lang='grc' dir='ltr'><strong><em>τε</em></strong></span> <span class='ocrx_word' id='word_1_73' title='bbox 2248 1186 2631 1276; x_wconf 83' lang='grc' dir='ltr'><strong><em>βαρύτονον</em></strong></span> <span class='ocrx_word' id='word_1_74' title='bbox 2680 1184 2769 1256; x_wconf 92' lang='grc' dir='ltr'><strong><em>δι’</em></strong></span> <span class='ocrx_word' id='word_1_75' title='bbox 2822 1184 3033 1261; x_wconf 83' lang='grc' dir='ltr'><strong><em>αὐτοῦ</em></strong></span> <span class='ocrx_word' id='word_1_76' title='bbox 3089 1186 3446 1275; x_wconf 83' lang='grc' dir='ltr'><strong><em>γράφεται,</em></strong></span> <span class='ocrx_word' id='word_1_77' title='bbox 3505 1181 3653 1256; x_wconf 77' lang='grc' dir='ltr'><strong><em>οἷον</em></strong></span> <span class='ocrx_word' id='word_1_78' title='bbox 3707 1186 3923 1275; x_wconf 91' lang='grc' dir='ltr'><strong><em>πότε,</em></strong></span> <span class='ocrx_word' id='word_1_79' title='bbox 3990 1185 4144 1272; x_wconf 83' lang='grc' dir='ltr'><strong><em>ὅτε,</em></strong></span> <span class='ocrx_word' id='word_1_80' title='bbox 4208 1184 4519 1273; x_wconf 79' lang='grc' dir='ltr'><strong><em>ἄλλοτε,</em></strong></span> 
     </span>
     <span class='ocr_line' id='line_1_8' title="bbox 804 1287 4521 1383; baseline -0 -20"><span class='ocrx_word' id='word_1_81' title='bbox 804 1295 1171 1383; x_wconf 87' lang='grc' dir='ltr'><strong><em>πάντοτε,</em></strong></span> <span class='ocrx_word' id='word_1_82' title='bbox 1220 1300 1514 1382; x_wconf 86' lang='grc' dir='ltr'><strong><em>ἔκτοτε,</em></strong></span> <span class='ocrx_word' id='word_1_83' title='bbox 1572 1294 1973 1382; x_wconf 82' lang='grc' dir='ltr'><strong><em>ἑκάστοτε,</em></strong></span> <span class='ocrx_word' id='word_1_84' title='bbox 2031 1296 2301 1364; x_wconf 89' lang='grc' dir='ltr'><strong><em>ἐνίοτε.</em></strong></span> <span class='ocrx_word' id='word_1_85' title='bbox 2393 1297 2552 1363; x_wconf 79' lang='grc' dir='ltr'><strong><em>Πᾶν</em></strong></span> <span class='ocrx_word' id='word_1_86' title='bbox 2599 1295 2928 1382; x_wconf 86' lang='grc' dir='ltr'><strong><em>ἐπίρρημα</em></strong></span> <span class='ocrx_word' id='word_1_87' title='bbox 2975 1296 3071 1374; x_wconf 85' lang='grc' dir='ltr'><strong><em>εἰς</em></strong></span> <span class='ocrx_word' id='word_1_88' title='bbox 3125 1302 3252 1363; x_wconf 91' lang='grc' dir='ltr'><strong><em>θεν</em></strong></span> <span class='ocrx_word' id='word_1_89' title='bbox 3306 1298 3516 1382; x_wconf 80' lang='grc' dir='ltr'><strong><em>λῆγον</em></strong></span> <span class='ocrx_word' id='word_1_90' title='bbox 3564 1292 3678 1363; x_wconf 82' lang='grc' dir='ltr'><strong><em>διὰ</em></strong></span> <span class='ocrx_word' id='word_1_91' title='bbox 3723 1298 3846 1363; x_wconf 89' lang='grc' dir='ltr'><strong><em>τοῦ</em></strong></span> <span class='ocrx_word' id='word_1_92' title='bbox 3885 1305 3921 1362; x_wconf 81' lang='grc' dir='ltr'><strong><em>’ἑ</em></strong></span> <span class='ocrx_word' id='word_1_93' title='bbox 3965 1293 4323 1382; x_wconf 80' lang='grc' dir='ltr'><strong><em>γράφεται,</em></strong></span> <span class='ocrx_word' id='word_1_94' title='bbox 4372 1287 4521 1362; x_wconf 83' lang='grc' dir='ltr'><strong><em>οἷον</em></strong></span> 
     </span>
     <span class='ocr_line' id='line_1_9' title="bbox 805 1398 4518 1490; baseline -0.001 -20"><span class='ocrx_word' id='word_1_95' title='bbox 805 1400 1246 1489; x_wconf 84' lang='grc' dir='ltr'><strong><em>άβυδόθεν,</em></strong></span> <span class='ocrx_word' id='word_1_96' title='bbox 1314 1400 1803 1490; x_wconf 85' lang='grc' dir='ltr'><strong><em>οὐρανόθεν,</em></strong></span> <span class='ocrx_word' id='word_1_97' title='bbox 1869 1402 2219 1489; x_wconf 85' lang='grc' dir='ltr'><strong><em>ανωθεν,</em></strong></span> <span class='ocrx_word' id='word_1_98' title='bbox 2280 1398 2760 1488; x_wconf 86' lang='grc' dir='ltr'><strong><em>Ἀθήνηθεν,</em></strong></span> <span class='ocrx_word' id='word_1_99' title='bbox 2814 1398 3193 1487; x_wconf 87' lang='grc' dir='ltr'><strong><em>τήλοθεν,</em></strong></span> <span class='ocrx_word' id='word_1_100' title='bbox 3247 1399 3681 1487; x_wconf 88' lang='grc' dir='ltr'><strong><em>πάντοθεν,</em></strong></span> <span class='ocrx_word' id='word_1_101' title='bbox 3735 1399 4116 1487; x_wconf 89' lang='grc' dir='ltr'><strong><em>αλλοθεν,</em></strong></span> <span class='ocrx_word' id='word_1_102' title='bbox 4173 1402 4518 1487; x_wconf 81' lang='grc' dir='ltr'><strong><em>ἐκεῖθεν,</em></strong></span> 
     </span>
     <span class='ocr_line' id='line_1_10' title="bbox 805 1505 4521 1597; baseline 0 -21"><span class='ocrx_word' id='word_1_103' title='bbox 805 1510 1055 1589; x_wconf 75' lang='grc' dir='ltr'><strong><em>ἐκεῖσε</em></strong></span> <span class='ocrx_word' id='word_1_104' title='bbox 1102 1508 1284 1597; x_wconf 81' lang='lat' dir='ltr'>(sic),</span> <span class='ocrx_word' id='word_1_105' title='bbox 1343 1505 1716 1577; x_wconf 83' lang='grc' dir='ltr'><strong><em>αὐτόθεν·</em></strong></span> <span class='ocrx_word' id='word_1_106' title='bbox 1771 1513 1979 1577; x_wconf 89' lang='grc' dir='ltr'><strong><em>ταῦτα</em></strong></span> <span class='ocrx_word' id='word_1_107' title='bbox 2032 1506 2113 1576; x_wconf 81' lang='grc' dir='ltr'><strong><em>τὰ</em></strong></span> <span class='ocrx_word' id='word_1_108' title='bbox 2162 1505 2572 1597; x_wconf 83' lang='grc' dir='ltr'><strong><em>ἐπιρρήματα</em></strong></span> <span class='ocrx_word' id='word_1_109' title='bbox 2619 1505 2730 1576; x_wconf 77' lang='grc' dir='ltr'><strong><em>διὰ</em></strong></span> <span class='ocrx_word' id='word_1_110' title='bbox 2777 1509 2901 1574; x_wconf 88' lang='grc' dir='ltr'><strong><em>τοῦ</em></strong></span> <span class='ocrx_word' id='word_1_111' title='bbox 2949 1521 2975 1573; x_wconf 93' lang='grc' dir='ltr'><strong><em>ῑ</em></strong></span> <span class='ocrx_word' id='word_1_112' title='bbox 3016 1506 3372 1595; x_wconf 88' lang='grc' dir='ltr'><strong><em>γράφεται,</em></strong></span> <span class='ocrx_word' id='word_1_113' title='bbox 3428 1506 3799 1595; x_wconf 85' lang='grc' dir='ltr'><strong><em>βράδιον,</em></strong></span> <span class='ocrx_word' id='word_1_114' title='bbox 3854 1507 4167 1597; x_wconf 85' lang='grc' dir='ltr'><strong><em>τάχιον,</em></strong></span> <span class='ocrx_word' id='word_1_115' title='bbox 4224 1512 4521 1594; x_wconf 79' lang='grc' dir='ltr'><strong><em>ἔγγιον·</em></strong></span> 
     </span>
     <span class='ocr_line' id='line_1_11' title="bbox 699 1606 4523 1705; baseline 0.001 -24"><span class='ocrx_word' id='word_1_116' title='bbox 699 1632 766 1681; x_wconf 85' lang='lat'><strong><em>10</em></strong></span> <span class='ocrx_word' id='word_1_117' title='bbox 802 1619 937 1682; x_wconf 84' lang='grc' dir='ltr'><strong><em>πᾶν</em></strong></span> <span class='ocrx_word' id='word_1_118' title='bbox 994 1617 1322 1704; x_wconf 81' lang='grc' dir='ltr'><strong><em>ἐπίρρημα</em></strong></span> <span class='ocrx_word' id='word_1_119' title='bbox 1378 1618 1472 1695; x_wconf 86' lang='grc' dir='ltr'><strong><em>είς</em></strong></span> <span class='ocrx_word' id='word_1_120' title='bbox 1526 1620 1615 1693; x_wconf 67' lang='grc' dir='ltr'><strong><em>ω’-ς</em></strong></span> <span class='ocrx_word' id='word_1_121' title='bbox 1679 1619 1890 1705; x_wconf 84' lang='grc' dir='ltr'><strong><em>λῆγον</em></strong></span> <span class='ocrx_word' id='word_1_122' title='bbox 1947 1613 2057 1684; x_wconf 78' lang='grc' dir='ltr'><strong><em>διά</em></strong></span> <span class='ocrx_word' id='word_1_123' title='bbox 2104 1618 2226 1684; x_wconf 85' lang='grc' dir='ltr'><strong><em>τοῦ</em></strong></span> <span class='ocrx_word' id='word_1_124' title='bbox 2284 1625 2336 1684; x_wconf 84' lang='grc' dir='ltr'><strong><em>ῶ</em></strong></span> <span class='ocrx_word' id='word_1_125' title='bbox 2389 1612 2686 1702; x_wconf 87' lang='grc' dir='ltr'><strong><em>μεγάλου</em></strong></span> <span class='ocrx_word' id='word_1_126' title='bbox 2747 1613 3104 1702; x_wconf 89' lang='grc' dir='ltr'><strong><em>γράφεται,</em></strong></span> <span class='ocrx_word' id='word_1_127' title='bbox 3170 1606 3319 1682; x_wconf 84' lang='grc' dir='ltr'><strong><em>οἷον</em></strong></span> <span class='ocrx_word' id='word_1_128' title='bbox 3384 1610 3420 1682; x_wconf 97' lang='lat'>6</span> <span class='ocrx_word' id='word_1_129' title='bbox 3486 1612 3720 1696; x_wconf 86' lang='grc' dir='ltr'><strong><em>καλὸς</em></strong></span> <span class='ocrx_word' id='word_1_130' title='bbox 3782 1613 4208 1704; x_wconf 79' lang='grc' dir='ltr'><strong><em>ἅνθρωπος</em></strong></span> <span class='ocrx_word' id='word_1_131' title='bbox 4271 1618 4523 1695; x_wconf 83' lang='grc' dir='ltr'><strong><em>καλῶς</em></strong></span> 
     </span>
     <span class='ocr_line' id='line_1_12' title="bbox 802 1716 4518 1812; baseline 0 -23"><span class='ocrx_word' id='word_1_132' title='bbox 802 1722 1206 1807; x_wconf 86' lang='grc' dir='ltr'><strong><em>ἐποίησεν,</em></strong></span> <span class='ocrx_word' id='word_1_133' title='bbox 1281 1717 1318 1788; x_wconf 93' lang='lat'>6</span> <span class='ocrx_word' id='word_1_134' title='bbox 1393 1719 1640 1809; x_wconf 84' lang='grc' dir='ltr'><strong><em>σοφὸς</em></strong></span> <span class='ocrx_word' id='word_1_135' title='bbox 1711 1720 2137 1812; x_wconf 74' lang='grc' dir='ltr'><strong><em>ἅνθρωπος</em></strong></span> <span class='ocrx_word' id='word_1_136' title='bbox 2209 1723 2472 1807; x_wconf 88' lang='grc' dir='ltr'><strong><em>σοφῶς</em></strong></span> <span class='ocrx_word' id='word_1_137' title='bbox 2544 1720 2956 1808; x_wconf 87' lang='grc' dir='ltr'><strong><em>ἐλάλησεν,</em></strong></span> <span class='ocrx_word' id='word_1_138' title='bbox 3023 1716 3060 1787; x_wconf 90' lang='lat'>6</span> <span class='ocrx_word' id='word_1_139' title='bbox 3130 1719 3501 1807; x_wconf 88' lang='grc' dir='ltr'><strong><em>ἐνάρετος</em></strong></span> <span class='ocrx_word' id='word_1_140' title='bbox 3564 1720 3951 1810; x_wconf 82' lang='grc' dir='ltr'><strong><em>ἐναρέτως</em></strong></span> <span class='ocrx_word' id='word_1_141' title='bbox 4012 1726 4380 1809; x_wconf 84' lang='grc' dir='ltr'><strong><em>ἔγραψεν·</em></strong></span> <span class='ocrx_word' id='word_1_142' title='bbox 4441 1718 4518 1789; x_wconf 88' lang='grc' dir='ltr'><strong><em>τὸ</em></strong></span> 
     </span>
     <span class='ocr_line' id='line_1_13' title="bbox 804 1823 4520 1916; baseline 0.001 -22"><span class='ocrx_word' id='word_1_143' title='bbox 804 1823 1196 1913; x_wconf 75' lang='grc' dir='ltr'><strong><em>οὐδαμῶς,</em></strong></span> <span class='ocrx_word' id='word_1_144' title='bbox 1254 1830 1624 1915; x_wconf 77' lang='grc' dir='ltr'><strong><em>μηδαμῶς</em></strong></span> <span class='ocrx_word' id='word_1_145' title='bbox 1689 1825 1801 1896; x_wconf 78' lang='grc' dir='ltr'><strong><em>διὰ</em></strong></span> <span class='ocrx_word' id='word_1_146' title='bbox 1865 1832 1989 1897; x_wconf 89' lang='grc' dir='ltr'><strong><em>τοῦ</em></strong></span> <span class='ocrx_word' id='word_1_147' title='bbox 2054 1838 2106 1897; x_wconf 83' lang='grc' dir='ltr'><strong><em>ῶ</em></strong></span> <span class='ocrx_word' id='word_1_148' title='bbox 2170 1824 2465 1914; x_wconf 87' lang='grc' dir='ltr'><strong><em>μεγάλου</em></strong></span> <span class='ocrx_word' id='word_1_149' title='bbox 2528 1828 2877 1915; x_wconf 80' lang='grc' dir='ltr'><strong><em>γραπτέον.</em></strong></span> <span class='ocrx_word' id='word_1_150' title='bbox 2977 1829 3136 1894; x_wconf 78' lang='grc' dir='ltr'><strong><em>Πάν</em></strong></span> <span class='ocrx_word' id='word_1_151' title='bbox 3200 1828 3527 1916; x_wconf 89' lang='grc' dir='ltr'><strong><em>ἐπίρρημα</em></strong></span> <span class='ocrx_word' id='word_1_152' title='bbox 3584 1830 3679 1908; x_wconf 82' lang='grc' dir='ltr'><strong><em>εἰς</em></strong></span> <span class='ocrx_word' id='word_1_153' title='bbox 3727 1833 3817 1894; x_wconf 59' lang='grc' dir='ltr'>ᾗ</span> <span class='ocrx_word' id='word_1_154' title='bbox 3870 1832 4082 1916; x_wconf 90' lang='grc' dir='ltr'><strong><em>λῆγον</em></strong></span> <span class='ocrx_word' id='word_1_155' title='bbox 4136 1826 4261 1914; x_wconf 88' lang='grc' dir='ltr'><strong><em>τῆν</em></strong></span> <span class='ocrx_word' id='word_1_156' title='bbox 4315 1852 4520 1915; x_wconf 91' lang='grc' dir='ltr'><strong><em>παρα-</em></strong></span> 
     </span>
     <span class='ocr_line' id='line_1_14' title="bbox 800 1927 4519 2022; baseline 0 -21"><span class='ocrx_word' id='word_1_157' title='bbox 800 1934 1108 2002; x_wconf 76' lang='grc' dir='ltr'><strong><em>τέλευτον</em></strong></span> <span class='ocrx_word' id='word_1_158' title='bbox 1174 1930 1287 2001; x_wconf 82' lang='grc' dir='ltr'><strong><em>διὰ</em></strong></span> <span class='ocrx_word' id='word_1_159' title='bbox 1342 1938 1463 2002; x_wconf 85' lang='grc' dir='ltr'><strong><em>τοῦ</em></strong></span> <span class='ocrx_word' id='word_1_160' title='bbox 1510 1949 1537 2001; x_wconf 89' lang='grc' dir='ltr'><em>ῐ</em></span> <span class='ocrx_word' id='word_1_161' title='bbox 1589 1939 1747 2022; x_wconf 82' lang='grc' dir='ltr'><strong><em>ἔχει,</em></strong></span> <span class='ocrx_word' id='word_1_162' title='bbox 1813 1927 1963 2003; x_wconf 83' lang='grc' dir='ltr'><strong><em>οἷον</em></strong></span> <span class='ocrx_word' id='word_1_163' title='bbox 2029 1931 2342 2019; x_wconf 83' lang='grc' dir='ltr'><strong><em>αὐτίκα,</em></strong></span> <span class='ocrx_word' id='word_1_164' title='bbox 2408 1938 2880 2022; x_wconf 87' lang='grc' dir='ltr'><strong><em>παραυτίκα,</em></strong></span> <span class='ocrx_word' id='word_1_165' title='bbox 2948 1929 3319 2019; x_wconf 83' lang='grc' dir='ltr'><strong><em>ὁπηνίκα,</em></strong></span> <span class='ocrx_word' id='word_1_166' title='bbox 3382 1929 3633 2020; x_wconf 82' lang='grc' dir='ltr'><strong><em>ἡνίκα.</em></strong></span> <span class='ocrx_word' id='word_1_167' title='bbox 3751 1932 3843 2002; x_wconf 88' lang='grc' dir='ltr'><strong><em>Τὸ</em></strong></span> <span class='ocrx_word' id='word_1_168' title='bbox 3910 1942 4151 2021; x_wconf 77' lang='grc' dir='ltr'><strong><em>οἴκοι,</em></strong></span> <span class='ocrx_word' id='word_1_169' title='bbox 4216 1938 4519 2019; x_wconf 72' lang='grc' dir='ltr'><strong><em>οἴκαδε,</em></strong></span> 
     </span>
     <span class='ocr_line' id='line_1_15' title="bbox 802 2029 4519 2131; baseline 0 -23"><span class='ocrx_word' id='word_1_170' title='bbox 802 2046 1135 2109; x_wconf 77' lang='grc' dir='ltr'><strong><em>οἴκοθεν</em></strong></span> <span class='ocrx_word' id='word_1_171' title='bbox 1174 2038 1286 2110; x_wconf 80' lang='grc' dir='ltr'><strong><em>διὰ</em></strong></span> <span class='ocrx_word' id='word_1_172' title='bbox 1323 2045 1441 2129; x_wconf 85' lang='grc' dir='ltr'><strong><em>τῆς</em></strong></span> <span class='ocrx_word' id='word_1_173' title='bbox 1481 2045 1554 2107; x_wconf 68' lang='grc' dir='ltr'><strong><em>δί</em></strong></span> <span class='ocrx_word' id='word_1_174' title='bbox 1592 2040 1982 2128; x_wconf 87' lang='grc' dir='ltr'><strong><em>διφθόγγου</em></strong></span> <span class='ocrx_word' id='word_1_175' title='bbox 2017 2040 2369 2130; x_wconf 90' lang='grc' dir='ltr'><strong><em>γράφεται·</em></strong></span> <span class='ocrx_word' id='word_1_176' title='bbox 2418 2038 2492 2108; x_wconf 84' lang='grc' dir='ltr'><strong><em>τὸ</em></strong></span> <span class='ocrx_word' id='word_1_177' title='bbox 2540 2042 2810 2129; x_wconf 86' lang='grc' dir='ltr'><strong><em>δεῦρο,</em></strong></span> <span class='ocrx_word' id='word_1_178' title='bbox 2867 2041 3105 2107; x_wconf 83' lang='grc' dir='ltr'><strong><em>ἔνδον</em></strong></span> <span class='ocrx_word' id='word_1_179' title='bbox 3151 2029 3464 2126; x_wconf 73' lang='grc' dir='ltr'><strong><em>γε’νοιτο</em></strong></span> <span class='ocrx_word' id='word_1_180' title='bbox 3505 2036 3617 2107; x_wconf 80' lang='grc' dir='ltr'><strong><em>διὰ</em></strong></span> <span class='ocrx_word' id='word_1_181' title='bbox 3655 2045 3778 2109; x_wconf 88' lang='grc' dir='ltr'><strong><em>τοῦ</em></strong></span> <span class='ocrx_word' id='word_1_182' title='bbox 3817 2051 3854 2108; x_wconf 83' lang='grc' dir='ltr'><strong><em>ὃ</em></strong></span> <span class='ocrx_word' id='word_1_183' title='bbox 3889 2044 4133 2131; x_wconf 83' lang='grc' dir='ltr'><strong><em>μικροῦ</em></strong></span> <span class='ocrx_word' id='word_1_184' title='bbox 4167 2043 4519 2128; x_wconf 89' lang='grc' dir='ltr'><strong><em>γράφεται·</em></strong></span> 
     </span>
     <span class='ocr_line' id='line_1_16' title="bbox 696 2142 4518 2236; baseline 0.001 -26"><span class='ocrx_word' id='word_1_185' title='bbox 696 2161 763 2211; x_wconf 80' lang='lat'><strong><em>15</em></strong></span> <span class='ocrx_word' id='word_1_186' title='bbox 800 2144 875 2215; x_wconf 87' lang='grc' dir='ltr'><strong><em>τὸ</em></strong></span> <span class='ocrx_word' id='word_1_187' title='bbox 922 2146 1126 2233; x_wconf 78' lang='grc' dir='ltr'><strong><em>ἑξῆς,</em></strong></span> <span class='ocrx_word' id='word_1_188' title='bbox 1174 2149 1481 2234; x_wconf 83' lang='grc' dir='ltr'><strong><em>ἐφεξῆς,</em></strong></span> <span class='ocrx_word' id='word_1_189' title='bbox 1526 2149 1865 2235; x_wconf 79' lang='grc' dir='ltr'><strong><em>καθεξῆς</em></strong></span> <span class='ocrx_word' id='word_1_190' title='bbox 1910 2146 2022 2216; x_wconf 80' lang='grc' dir='ltr'><strong><em>διὰ</em></strong></span> <span class='ocrx_word' id='word_1_191' title='bbox 2070 2152 2190 2216; x_wconf 88' lang='grc' dir='ltr'><strong><em>τοῦ</em></strong></span> <span class='ocrx_word' id='word_1_192' title='bbox 2236 2159 2278 2235; x_wconf 80' lang='grc' dir='ltr'><em>ἦ</em></span> <span class='ocrx_word' id='word_1_193' title='bbox 2321 2145 2677 2236; x_wconf 89' lang='grc' dir='ltr'><strong><em>γράφεται·</em></strong></span> <span class='ocrx_word' id='word_1_194' title='bbox 2741 2142 2817 2213; x_wconf 88' lang='grc' dir='ltr'><strong><em>τὸ</em></strong></span> <span class='ocrx_word' id='word_1_195' title='bbox 2863 2151 3129 2233; x_wconf 79' lang='grc' dir='ltr'><strong><em>χωρίς,</em></strong></span> <span class='ocrx_word' id='word_1_196' title='bbox 3184 2143 3438 2233; x_wconf 84' lang='grc' dir='ltr'><strong><em>μόλις,</em></strong></span> <span class='ocrx_word' id='word_1_197' title='bbox 3486 2143 3857 2232; x_wconf 83' lang='grc' dir='ltr'><strong><em>μάλιστα,</em></strong></span> <span class='ocrx_word' id='word_1_198' title='bbox 3912 2151 4093 2216; x_wconf 92' lang='grc' dir='ltr'><strong><em>λίαν</em></strong></span> <span class='ocrx_word' id='word_1_199' title='bbox 4141 2145 4253 2216; x_wconf 78' lang='grc' dir='ltr'><strong><em>διὰ</em></strong></span> <span class='ocrx_word' id='word_1_200' title='bbox 4300 2149 4421 2216; x_wconf 88' lang='grc' dir='ltr'><strong><em>τοῦ</em></strong></span> <span class='ocrx_word' id='word_1_201' title='bbox 4469 2161 4518 2215; x_wconf 91' lang='grc' dir='ltr'><strong><em>ῖ·</em></strong></span> 
     </span>
     <span class='ocr_line' id='line_1_17' title="bbox 798 2249 4519 2343; baseline 0 -23"><span class='ocrx_word' id='word_1_202' title='bbox 798 2249 874 2320; x_wconf 89' lang='grc' dir='ltr'><strong><em>τὸ</em></strong></span> <span class='ocrx_word' id='word_1_203' title='bbox 941 2250 1061 2321; x_wconf 82' lang='grc' dir='ltr'><strong><em>εἶα</em></strong></span> <span class='ocrx_word' id='word_1_204' title='bbox 1125 2252 1600 2343; x_wconf 83' lang='grc' dir='ltr'><strong><em>προτρεπτικὸν</em></strong></span> <span class='ocrx_word' id='word_1_205' title='bbox 1666 2254 1778 2323; x_wconf 78' lang='grc' dir='ltr'><strong><em>διὰ</em></strong></span> <span class='ocrx_word' id='word_1_206' title='bbox 1844 2258 1960 2342; x_wconf 86' lang='grc' dir='ltr'><strong><em>τῆς</em></strong></span> <span class='ocrx_word' id='word_1_207' title='bbox 2022 2260 2080 2324; x_wconf 75' lang='grc' dir='ltr'><strong><em>ε“ι</em></strong></span> <span class='ocrx_word' id='word_1_208' title='bbox 2145 2255 2559 2342; x_wconf 85' lang='grc' dir='ltr'><strong><em>διφθόγγου·</em></strong></span> <span class='ocrx_word' id='word_1_209' title='bbox 2624 2250 2698 2321; x_wconf 87' lang='grc' dir='ltr'><strong><em>τὸ</em></strong></span> <span class='ocrx_word' id='word_1_210' title='bbox 2762 2250 2910 2339; x_wconf 93' lang='grc' dir='ltr'><strong><em>ῆδη</em></strong></span> <span class='ocrx_word' id='word_1_211' title='bbox 2974 2250 3085 2319; x_wconf 84' lang='grc' dir='ltr'><strong><em>καὶ</em></strong></span> <span class='ocrx_word' id='word_1_212' title='bbox 3151 2249 3485 2338; x_wconf 87' lang='grc' dir='ltr'><strong><em>δηλαδή,</em></strong></span> <span class='ocrx_word' id='word_1_213' title='bbox 3559 2249 3652 2321; x_wconf 77' lang='grc' dir='ltr'><strong><em>οὗ</em></strong></span> <span class='ocrx_word' id='word_1_214' title='bbox 3727 2256 3922 2339; x_wconf 87' lang='grc' dir='ltr'><strong><em>δῆτα</em></strong></span> <span class='ocrx_word' id='word_1_215' title='bbox 3992 2253 4104 2321; x_wconf 84' lang='grc' dir='ltr'><strong><em>καὶ</em></strong></span> <span class='ocrx_word' id='word_1_216' title='bbox 4157 2250 4234 2322; x_wconf 86' lang='grc' dir='ltr'><strong><em>τὸ</em></strong></span> <span class='ocrx_word' id='word_1_217' title='bbox 4290 2251 4388 2340; x_wconf 93' lang='grc' dir='ltr'><strong><em>μή</em></strong></span> <span class='ocrx_word' id='word_1_218' title='bbox 4442 2250 4519 2321; x_wconf 84' lang='grc' dir='ltr'><strong><em>τὸ</em></strong></span> 
     </span>
     <span class='ocr_line' id='line_1_18' title="bbox 800 2355 4520 2451; baseline 0 -25"><span class='ocrx_word' id='word_1_219' title='bbox 800 2356 1328 2450; x_wconf 87' lang='grc' dir='ltr'><strong><em>άπαγορευτικὸν</em></strong></span> <span class='ocrx_word' id='word_1_220' title='bbox 1391 2360 1502 2427; x_wconf 84' lang='grc' dir='ltr'><strong><em>καὶ</em></strong></span> <span class='ocrx_word' id='word_1_221' title='bbox 1565 2359 1639 2431; x_wconf 85' lang='grc' dir='ltr'><strong><em>τὸ</em></strong></span> <span class='ocrx_word' id='word_1_222' title='bbox 1706 2360 1799 2450; x_wconf 87' lang='grc' dir='ltr'><strong><em>νή</em></strong></span> <span class='ocrx_word' id='word_1_223' title='bbox 1866 2358 1939 2430; x_wconf 90' lang='grc' dir='ltr'><strong><em>τὸ</em></strong></span> <span class='ocrx_word' id='word_1_224' title='bbox 2004 2361 2459 2451; x_wconf 83' lang='grc' dir='ltr'><strong><em>κατωμοτικὸν</em></strong></span> <span class='ocrx_word' id='word_1_225' title='bbox 2524 2359 2637 2429; x_wconf 77' lang='grc' dir='ltr'><strong><em>διὰ</em></strong></span> <span class='ocrx_word' id='word_1_226' title='bbox 2702 2362 2823 2428; x_wconf 87' lang='grc' dir='ltr'><strong><em>τοῦ</em></strong></span> <span class='ocrx_word' id='word_1_227' title='bbox 2891 2369 2950 2444; x_wconf 80' lang='grc' dir='ltr'><strong><em>ἢ.</em></strong></span> <span class='ocrx_word' id='word_1_228' title='bbox 3065 2355 3156 2426; x_wconf 87' lang='grc' dir='ltr'><strong><em>Τὸ</em></strong></span> <span class='ocrx_word' id='word_1_229' title='bbox 3238 2356 3479 2426; x_wconf 90' lang='grc' dir='ltr'><strong><em>πάλαι</em></strong></span> <span class='ocrx_word' id='word_1_230' title='bbox 3560 2359 3671 2426; x_wconf 84' lang='grc' dir='ltr'><strong><em>καὶ</em></strong></span> <span class='ocrx_word' id='word_1_231' title='bbox 3744 2362 4073 2428; x_wconf 82' lang='grc' dir='ltr'><strong><em>ἔκπαλαι</em></strong></span> <span class='ocrx_word' id='word_1_232' title='bbox 4146 2359 4257 2427; x_wconf 84' lang='grc' dir='ltr'><strong><em>καὶ</em></strong></span> <span class='ocrx_word' id='word_1_233' title='bbox 4329 2357 4520 2448; x_wconf 89' lang='grc' dir='ltr'><strong><em>πρό-</em></strong></span> 
     </span>
     <span class='ocr_line' id='line_1_19' title="bbox 798 2462 4520 2558; baseline 0 -24"><span class='ocrx_word' id='word_1_234' title='bbox 798 2473 1036 2534; x_wconf 88' lang='grc' dir='ltr'><strong><em>παλαι</em></strong></span> <span class='ocrx_word' id='word_1_235' title='bbox 1083 2465 1196 2535; x_wconf 79' lang='grc' dir='ltr'><strong><em>διὰ</em></strong></span> <span class='ocrx_word' id='word_1_236' title='bbox 1245 2471 1361 2556; x_wconf 87' lang='grc' dir='ltr'><strong><em>τῆς</em></strong></span> <span class='ocrx_word' id='word_1_237' title='bbox 1403 2473 1477 2533; x_wconf 58' lang='lat' dir='ltr'><strong><em>a?</em></strong></span> <span class='ocrx_word' id='word_1_238' title='bbox 1523 2466 1909 2557; x_wconf 89' lang='grc' dir='ltr'><strong><em>διφθόγγου</em></strong></span> <span class='ocrx_word' id='word_1_239' title='bbox 1954 2468 2308 2558; x_wconf 85' lang='grc' dir='ltr'><strong><em>γράφεται·</em></strong></span> <span class='ocrx_word' id='word_1_240' title='bbox 2353 2466 2429 2537; x_wconf 86' lang='grc' dir='ltr'><strong><em>τὸ</em></strong></span> <span class='ocrx_word' id='word_1_241' title='bbox 2477 2475 2677 2553; x_wconf 78' lang='grc' dir='ltr'><strong><em>εἴθε,</em></strong></span> <span class='ocrx_word' id='word_1_242' title='bbox 2725 2474 2908 2536; x_wconf 77' lang='grc' dir='ltr'><strong><em>αἴθε</em></strong></span> <span class='ocrx_word' id='word_1_243' title='bbox 2953 2462 3034 2532; x_wconf 82' lang='grc' dir='ltr'><strong><em>τὰ</em></strong></span> <span class='ocrx_word' id='word_1_244' title='bbox 3081 2468 3311 2552; x_wconf 88' lang='grc' dir='ltr'><strong><em>πρῶτα</em></strong></span> <span class='ocrx_word' id='word_1_245' title='bbox 3358 2468 3734 2553; x_wconf 87' lang='grc' dir='ltr'><strong><em>δίφθογγα,</em></strong></span> <span class='ocrx_word' id='word_1_246' title='bbox 3790 2466 3872 2534; x_wconf 81' lang='grc' dir='ltr'><strong><em>τὰ</em></strong></span> <span class='ocrx_word' id='word_1_247' title='bbox 3926 2463 4173 2557; x_wconf 77' lang='grc' dir='ltr'><strong><em>ὕστερα</em></strong></span> <span class='ocrx_word' id='word_1_248' title='bbox 4229 2465 4343 2536; x_wconf 78' lang='grc' dir='ltr'><strong><em>διὰ</em></strong></span> <span class='ocrx_word' id='word_1_249' title='bbox 4398 2470 4520 2535; x_wconf 88' lang='grc' dir='ltr'><strong><em>τοῦ</em></strong></span> 
     </span>
     <span class='ocr_line' id='line_1_20' title="bbox 792 2562 4518 2661; baseline 0 -22"><span class='ocrx_word' id='word_1_250' title='bbox 792 2583 855 2639; x_wconf 67' lang='grc' dir='ltr'><strong><em>ῖς·</em></strong></span> <span class='ocrx_word' id='word_1_251' title='bbox 900 2571 976 2641; x_wconf 88' lang='grc' dir='ltr'><strong><em>τὸ</em></strong></span> <span class='ocrx_word' id='word_1_252' title='bbox 1024 2578 1190 2658; x_wconf 84' lang='grc' dir='ltr'><strong><em>ναί,</em></strong></span> <span class='ocrx_word' id='word_1_253' title='bbox 1236 2577 1453 2661; x_wconf 76' lang='grc' dir='ltr'><strong><em>ναίχι</em></strong></span> <span class='ocrx_word' id='word_1_254' title='bbox 1499 2571 1612 2641; x_wconf 80' lang='grc' dir='ltr'><strong><em>διὰ</em></strong></span> <span class='ocrx_word' id='word_1_255' title='bbox 1657 2577 1774 2660; x_wconf 87' lang='grc' dir='ltr'><strong><em>τῆς</em></strong></span> <span class='ocrx_word' id='word_1_256' title='bbox 1817 2579 1889 2639; x_wconf 73' lang='grc' dir='ltr'><strong><em>α“ι</em></strong></span> <span class='ocrx_word' id='word_1_257' title='bbox 1936 2571 2325 2661; x_wconf 89' lang='grc' dir='ltr'><strong><em>διφθόγγου</em></strong></span> <span class='ocrx_word' id='word_1_258' title='bbox 2367 2575 2480 2642; x_wconf 84' lang='grc' dir='ltr'><strong><em>καὶ</em></strong></span> <span class='ocrx_word' id='word_1_259' title='bbox 2525 2571 2601 2641; x_wconf 89' lang='grc' dir='ltr'><strong><em>τὸ</em></strong></span> <span class='ocrx_word' id='word_1_260' title='bbox 2648 2600 2724 2661; x_wconf 84' lang='grc' dir='ltr'><strong><em>χι</em></strong></span> <span class='ocrx_word' id='word_1_261' title='bbox 2772 2567 2884 2639; x_wconf 80' lang='grc' dir='ltr'><strong><em>διὰ</em></strong></span> <span class='ocrx_word' id='word_1_262' title='bbox 2929 2574 3053 2639; x_wconf 87' lang='grc' dir='ltr'><strong><em>τοῦ</em></strong></span> <span class='ocrx_word' id='word_1_263' title='bbox 3102 2585 3149 2638; x_wconf 91' lang='grc' dir='ltr'><strong><em>ῖ·</em></strong></span> <span class='ocrx_word' id='word_1_264' title='bbox 3204 2568 3281 2639; x_wconf 84' lang='grc' dir='ltr'><strong><em>τὸ</em></strong></span> <span class='ocrx_word' id='word_1_265' title='bbox 3339 2562 3576 2658; x_wconf 80' lang='grc' dir='ltr'><strong><em>ἦττον</em></strong></span> <span class='ocrx_word' id='word_1_266' title='bbox 3624 2569 3737 2639; x_wconf 76' lang='grc' dir='ltr'><strong><em>διὰ</em></strong></span> <span class='ocrx_word' id='word_1_267' title='bbox 3782 2575 3906 2640; x_wconf 87' lang='grc' dir='ltr'><strong><em>τοῦ</em></strong></span> <span class='ocrx_word' id='word_1_268' title='bbox 3952 2583 4023 2658; x_wconf 82' lang='grc' dir='ltr'><strong><em>ἣ·</em></strong></span> <span class='ocrx_word' id='word_1_269' title='bbox 4067 2571 4144 2641; x_wconf 84' lang='grc' dir='ltr'><strong><em>τὸ</em></strong></span> <span class='ocrx_word' id='word_1_270' title='bbox 4201 2571 4518 2661; x_wconf 79' lang='grc' dir='ltr'><strong><em>αὔριον,</em></strong></span> 
     </span>
     <span class='ocr_line' id='line_1_21' title="bbox 694 2673 4519 2769; baseline 0 -23"><span class='ocrx_word' id='word_1_271' title='bbox 694 2696 762 2746; x_wconf 78' lang='lat'><strong><em>20</em></strong></span> <span class='ocrx_word' id='word_1_272' title='bbox 799 2678 1260 2769; x_wconf 81' lang='grc' dir='ltr'><strong><em>μεταύριον,</em></strong></span> <span class='ocrx_word' id='word_1_273' title='bbox 1304 2677 1635 2769; x_wconf 80' lang='grc' dir='ltr'><strong><em>ἡμέριον</em></strong></span> <span class='ocrx_word' id='word_1_274' title='bbox 1683 2677 1794 2749; x_wconf 78' lang='grc' dir='ltr'><strong><em>διὰ</em></strong></span> <span class='ocrx_word' id='word_1_275' title='bbox 1832 2683 1954 2748; x_wconf 87' lang='grc' dir='ltr'><strong><em>τοῦ</em></strong></span> <span class='ocrx_word' id='word_1_276' title='bbox 1992 2695 2018 2747; x_wconf 91' lang='grc' dir='ltr'><em>ῐ</em></span> <span class='ocrx_word' id='word_1_277' title='bbox 2051 2679 2393 2769; x_wconf 89' lang='grc' dir='ltr'><strong><em>γράφεται.</em></strong></span> <span class='ocrx_word' id='word_1_278' title='bbox 2477 2679 2716 2749; x_wconf 89' lang='grc' dir='ltr'><strong><em>Πάντα</em></strong></span> <span class='ocrx_word' id='word_1_279' title='bbox 2752 2676 2831 2748; x_wconf 77' lang='grc' dir='ltr'><strong><em>τά</em></strong></span> <span class='ocrx_word' id='word_1_280' title='bbox 2870 2680 2966 2758; x_wconf 79' lang='grc' dir='ltr'><strong><em>εἰς</em></strong></span> <span class='ocrx_word' id='word_1_281' title='bbox 3008 2683 3129 2755; x_wconf 57' lang='grc' dir='ltr'><strong><em>νᾶ·</em></strong></span> <span class='ocrx_word' id='word_1_282' title='bbox 3175 2675 3585 2766; x_wconf 79' lang='grc' dir='ltr'><strong><em>ἐπιρρήματα</em></strong></span> <span class='ocrx_word' id='word_1_283' title='bbox 3621 2673 3753 2747; x_wconf 86' lang='grc' dir='ltr'><strong><em>άπὸ</em></strong></span> <span class='ocrx_word' id='word_1_284' title='bbox 3793 2677 4257 2768; x_wconf 83' lang='grc' dir='ltr'><strong><em>ἐπιρρημάτων</em></strong></span> <span class='ocrx_word' id='word_1_285' title='bbox 4283 2678 4519 2748; x_wconf 59' lang='grc' dir='ltr'><strong><em>ἄλλων</em></strong></span> 
     </span>
     <span class='ocr_line' id='line_1_22' title="bbox 798 2778 4520 2875; baseline 0.001 -23"><span class='ocrx_word' id='word_1_286' title='bbox 798 2783 1127 2871; x_wconf 89' lang='grc' dir='ltr'><strong><em>γενόμενα</em></strong></span> <span class='ocrx_word' id='word_1_287' title='bbox 1184 2782 1296 2853; x_wconf 77' lang='grc' dir='ltr'><strong><em>διὰ</em></strong></span> <span class='ocrx_word' id='word_1_288' title='bbox 1354 2790 1474 2855; x_wconf 88' lang='grc' dir='ltr'><strong><em>τοῦ</em></strong></span> <span class='ocrx_word' id='word_1_289' title='bbox 1524 2801 1550 2853; x_wconf 91' lang='grc' dir='ltr'><strong><em>ῑ</em></strong></span> <span class='ocrx_word' id='word_1_290' title='bbox 1599 2785 1957 2875; x_wconf 87' lang='grc' dir='ltr'><strong><em>γράφεται,</em></strong></span> <span class='ocrx_word' id='word_1_291' title='bbox 2015 2778 2164 2854; x_wconf 84' lang='grc' dir='ltr'><strong><em>οἷον</em></strong></span> <span class='ocrx_word' id='word_1_292' title='bbox 2222 2783 2368 2869; x_wconf 70' lang='grc' dir='ltr'><strong><em>ὀψὲ</em></strong></span> <span class='ocrx_word' id='word_1_293' title='bbox 2424 2783 2737 2874; x_wconf 81' lang='grc' dir='ltr'><strong><em>όψινός,</em></strong></span> <span class='ocrx_word' id='word_1_294' title='bbox 2794 2787 2999 2874; x_wconf 84' lang='grc' dir='ltr'><strong><em>πρωῒ</em></strong></span> <span class='ocrx_word' id='word_1_295' title='bbox 3050 2782 3428 2870; x_wconf 78' lang='grc' dir='ltr'><strong><em>πρωῑνός,</em></strong></span> <span class='ocrx_word' id='word_1_296' title='bbox 3485 2785 3767 2872; x_wconf 84' lang='grc' dir='ltr'><strong><em>πέρυσι</em></strong></span> <span class='ocrx_word' id='word_1_297' title='bbox 3821 2785 4277 2875; x_wconf 83' lang='grc' dir='ltr'><strong><em>περυσινός,</em></strong></span> <span class='ocrx_word' id='word_1_298' title='bbox 4333 2784 4520 2875; x_wconf 76' lang='grc' dir='ltr'><strong><em>χθὲς</em></strong></span> 
     </span>
     <span class='ocr_line' id='line_1_23' title="bbox 798 2882 4518 2981; baseline 0.001 -22"><span class='ocrx_word' id='word_1_299' title='bbox 798 2889 1193 2978; x_wconf 85' lang='grc' dir='ltr'><strong><em>χθεσινός.</em></strong></span> <span class='ocrx_word' id='word_1_300' title='bbox 1283 2895 1441 2960; x_wconf 81' lang='grc' dir='ltr'><strong><em>Πᾶν</em></strong></span> <span class='ocrx_word' id='word_1_301' title='bbox 1489 2889 1765 2961; x_wconf 87' lang='grc' dir='ltr'><strong><em>ἐθνικὸν</em></strong></span> <span class='ocrx_word' id='word_1_302' title='bbox 1813 2894 2139 2981; x_wconf 83' lang='grc' dir='ltr'><strong><em>ἐπίρρημα</em></strong></span> <span class='ocrx_word' id='word_1_303' title='bbox 2188 2889 2300 2960; x_wconf 80' lang='grc' dir='ltr'><strong><em>διὰ</em></strong></span> <span class='ocrx_word' id='word_1_304' title='bbox 2356 2896 2479 2961; x_wconf 86' lang='grc' dir='ltr'><strong><em>τοῦ</em></strong></span> <span class='ocrx_word' id='word_1_305' title='bbox 2529 2908 2555 2960; x_wconf 91' lang='grc' dir='ltr'><em>ῐ</em></span> <span class='ocrx_word' id='word_1_306' title='bbox 2595 2891 2957 2981; x_wconf 89' lang='grc' dir='ltr'><strong><em>γράφεται,</em></strong></span> <span class='ocrx_word' id='word_1_307' title='bbox 3015 2882 3165 2959; x_wconf 83' lang='grc' dir='ltr'><strong><em>οἷον</em></strong></span> <span class='ocrx_word' id='word_1_308' title='bbox 3221 2895 3567 2977; x_wconf 83' lang='grc' dir='ltr'><strong><em>συριστί,</em></strong></span> <span class='ocrx_word' id='word_1_309' title='bbox 3625 2887 4070 2980; x_wconf 87' lang='grc' dir='ltr'><strong><em>άρμενιστί,</em></strong></span> <span class='ocrx_word' id='word_1_310' title='bbox 4125 2899 4518 2981; x_wconf 86' lang='grc' dir='ltr'><strong><em>περσιστί,</em></strong></span> 
     </span>
     <span class='ocr_line' id='line_1_24' title="bbox 799 2995 4518 3088; baseline 0.001 -23"><span class='ocrx_word' id='word_1_311' title='bbox 799 2996 1210 3084; x_wconf 77' lang='grc' dir='ltr'><strong><em>ἑλληνιστί</em></strong></span> <span class='ocrx_word' id='word_1_312' title='bbox 1269 2997 1381 3065; x_wconf 84' lang='grc' dir='ltr'><strong><em>καὶ</em></strong></span> <span class='ocrx_word' id='word_1_313' title='bbox 1446 2996 1526 3066; x_wconf 81' lang='grc' dir='ltr'><strong><em>τὰ</em></strong></span> <span class='ocrx_word' id='word_1_314' title='bbox 1588 2995 1812 3085; x_wconf 79' lang='grc' dir='ltr'><strong><em>ὅμοια·</em></strong></span> <span class='ocrx_word' id='word_1_315' title='bbox 1877 2999 1989 3066; x_wconf 84' lang='grc' dir='ltr'><strong><em>καὶ</em></strong></span> <span class='ocrx_word' id='word_1_316' title='bbox 2054 2995 2132 3066; x_wconf 82' lang='grc' dir='ltr'><strong><em>τὰ</em></strong></span> <span class='ocrx_word' id='word_1_317' title='bbox 2200 2997 2497 3067; x_wconf 86' lang='grc' dir='ltr'><strong><em>σύνθετα</em></strong></span> <span class='ocrx_word' id='word_1_318' title='bbox 2562 2996 2837 3087; x_wconf 85' lang='grc' dir='ltr'><strong><em>ὁμοίως,</em></strong></span> <span class='ocrx_word' id='word_1_319' title='bbox 2904 2999 3296 3086; x_wconf 79' lang='grc' dir='ltr'><strong><em>ἐξηχηστί,</em></strong></span> <span class='ocrx_word' id='word_1_320' title='bbox 3360 3004 3679 3084; x_wconf 85' lang='grc' dir='ltr'><strong><em>νεωστί,</em></strong></span> <span class='ocrx_word' id='word_1_321' title='bbox 3744 2997 4138 3086; x_wconf 85' lang='grc' dir='ltr'><strong><em>άλογιστί,</em></strong></span> <span class='ocrx_word' id='word_1_322' title='bbox 4201 2997 4518 3088; x_wconf 77' lang='grc' dir='ltr'><strong><em>ἀμισθί,</em></strong></span> 
     </span>
     <span class='ocr_line' id='line_1_25' title="bbox 799 3100 4520 3193; baseline 0.001 -24"><span class='ocrx_word' id='word_1_323' title='bbox 799 3100 1210 3191; x_wconf 81' lang='grc' dir='ltr'><strong><em>ἀπνευστί,</em></strong></span> <span class='ocrx_word' id='word_1_324' title='bbox 1276 3101 1701 3191; x_wconf 86' lang='grc' dir='ltr'><strong><em>άμηνυστί,</em></strong></span> <span class='ocrx_word' id='word_1_325' title='bbox 1763 3109 2091 3173; x_wconf 87' lang='grc' dir='ltr'><strong><em>πανοικί</em></strong></span> <span class='ocrx_word' id='word_1_326' title='bbox 2146 3104 2258 3171; x_wconf 84' lang='grc' dir='ltr'><strong><em>καὶ</em></strong></span> <span class='ocrx_word' id='word_1_327' title='bbox 2314 3102 2392 3173; x_wconf 76' lang='grc' dir='ltr'><strong><em>τά</em></strong></span> <span class='ocrx_word' id='word_1_328' title='bbox 2453 3101 2671 3192; x_wconf 82' lang='grc' dir='ltr'><strong><em>ὅμοια.</em></strong></span> <span class='ocrx_word' id='word_1_329' title='bbox 2781 3102 2872 3174; x_wconf 87' lang='grc' dir='ltr'><strong><em>Τὸ</em></strong></span> <span class='ocrx_word' id='word_1_330' title='bbox 2937 3100 3274 3186; x_wconf 81' lang='grc' dir='ltr'><strong><em>αὐτοψεί</em></strong></span> <span class='ocrx_word' id='word_1_331' title='bbox 3329 3107 3442 3171; x_wconf 87' lang='grc' dir='ltr'><strong><em>καὶ</em></strong></span> <span class='ocrx_word' id='word_1_332' title='bbox 3506 3108 3771 3174; x_wconf 79' lang='grc' dir='ltr'><strong><em>οἱονεί</em></strong></span> <span class='ocrx_word' id='word_1_333' title='bbox 3829 3105 3943 3173; x_wconf 83' lang='grc' dir='ltr'><strong><em>καὶ</em></strong></span> <span class='ocrx_word' id='word_1_334' title='bbox 4006 3102 4350 3193; x_wconf 74' lang='grc' dir='ltr'><strong><em>ὡσπερεί</em></strong></span> <span class='ocrx_word' id='word_1_335' title='bbox 4407 3107 4520 3174; x_wconf 87' lang='grc' dir='ltr'><strong><em>καὶ</em></strong></span> 
     </span>
     <span class='ocr_line' id='line_1_26' title="bbox 693 3207 4527 3299; baseline 0.001 -23"><span class='ocrx_word' id='word_1_336' title='bbox 693 3228 762 3277; x_wconf 77' lang='lat'><strong><em>25</em></strong></span> <span class='ocrx_word' id='word_1_337' title='bbox 800 3207 1088 3298; x_wconf 76' lang='grc' dir='ltr'><strong><em>ἀμαχεί</em></strong></span> <span class='ocrx_word' id='word_1_338' title='bbox 1135 3210 1246 3278; x_wconf 82' lang='grc' dir='ltr'><strong><em>καὶ</em></strong></span> <span class='ocrx_word' id='word_1_339' title='bbox 1301 3217 1718 3299; x_wconf 81' lang='grc' dir='ltr'><strong><em>παμψηφεί</em></strong></span> <span class='ocrx_word' id='word_1_340' title='bbox 1765 3211 1875 3279; x_wconf 84' lang='grc' dir='ltr'><strong><em>καὶ</em></strong></span> <span class='ocrx_word' id='word_1_341' title='bbox 1930 3214 2331 3298; x_wconf 88' lang='grc' dir='ltr'><strong><em>πανδημεί</em></strong></span> <span class='ocrx_word' id='word_1_342' title='bbox 2378 3210 2489 3279; x_wconf 89' lang='grc' dir='ltr'><strong><em>καὶ</em></strong></span> <span class='ocrx_word' id='word_1_343' title='bbox 2546 3207 2777 3280; x_wconf 86' lang='grc' dir='ltr'><strong><em>άθεεί</em></strong></span> <span class='ocrx_word' id='word_1_344' title='bbox 2825 3210 2936 3278; x_wconf 84' lang='grc' dir='ltr'><strong><em>καὶ</em></strong></span> <span class='ocrx_word' id='word_1_345' title='bbox 2993 3207 3261 3298; x_wconf 83' lang='grc' dir='ltr'><strong><em>άμέλει</em></strong></span> <span class='ocrx_word' id='word_1_346' title='bbox 3308 3210 3418 3278; x_wconf 87' lang='grc' dir='ltr'><strong><em>καὶ</em></strong></span> <span class='ocrx_word' id='word_1_347' title='bbox 3465 3208 3894 3298; x_wconf 83' lang='grc' dir='ltr'><strong><em>άγελαστεί</em></strong></span> <span class='ocrx_word' id='word_1_348' title='bbox 3930 3211 4041 3279; x_wconf 83' lang='grc' dir='ltr'><strong><em>καὶ</em></strong></span> <span class='ocrx_word' id='word_1_349' title='bbox 4089 3209 4527 3283; x_wconf 88' lang='grc' dir='ltr'><strong><em>άπλευστεί</em></strong></span> 
     </span>
    </p>
   </div>
   <div class='ocr_carea' id='block_1_3' title="bbox 801 3313 3083 3407">
    <p class='ocr_par' dir='ltr' id='par_1_3' title="bbox 801 3313 3083 3407">
     <span class='ocr_line' id='line_1_27' title="bbox 801 3313 3083 3407; baseline 0 -24"><span class='ocrx_word' id='word_1_350' title='bbox 801 3314 912 3383; x_wconf 79' lang='grc' dir='ltr'><strong><em>διὰ</em></strong></span> <span class='ocrx_word' id='word_1_351' title='bbox 958 3320 1072 3404; x_wconf 86' lang='grc' dir='ltr'><strong><em>τῆς</em></strong></span> <span class='ocrx_word' id='word_1_352' title='bbox 1116 3323 1174 3382; x_wconf 73' lang='grc' dir='ltr'><strong><em>Ξῖ</em></strong></span> <span class='ocrx_word' id='word_1_353' title='bbox 1220 3316 1609 3405; x_wconf 85' lang='grc' dir='ltr'><strong><em>διφθόγγου</em></strong></span> <span class='ocrx_word' id='word_1_354' title='bbox 1653 3316 2000 3407; x_wconf 85' lang='grc' dir='ltr'><strong><em>γράφεται·</em></strong></span> <span class='ocrx_word' id='word_1_355' title='bbox 2048 3313 2552 3405; x_wconf 85' lang='grc' dir='ltr'><strong><em>άνθρωπιστί</em></strong></span> <span class='ocrx_word' id='word_1_356' title='bbox 2593 3316 2668 3386; x_wconf 73' lang='grc' dir='ltr'><strong><em>δὲ</em></strong></span> <span class='ocrx_word' id='word_1_357' title='bbox 2714 3315 2825 3386; x_wconf 82' lang='grc' dir='ltr'><strong><em>διὰ</em></strong></span> <span class='ocrx_word' id='word_1_358' title='bbox 2871 3320 2995 3384; x_wconf 86' lang='grc' dir='ltr'><strong><em>τοῦ</em></strong></span> <span class='ocrx_word' id='word_1_359' title='bbox 3045 3331 3083 3383; x_wconf 89' lang='grc' dir='ltr'><strong><em>ῐ.</em></strong></span> 
     </span>
    </p>
   </div>
   <div class='ocr_carea' id='block_1_4' title="bbox 790 3576 4522 5165">
    <p class='ocr_par' dir='ltr' id='par_1_4' title="bbox 790 3576 4522 5165">
     <span class='ocr_line' id='line_1_28' title="bbox 1064 3576 4517 3656; baseline 0 -17"><span class='ocrx_word' id='word_1_360' title='bbox 1064 3581 1292 3639; x_wconf 82' lang='lat' dir='ltr'><strong>DISOR.</strong></span> <span class='ocrx_word' id='word_1_361' title='bbox 1332 3583 1412 3639; x_wconf 86' lang='lat' dir='ltr'><strong><em>IN</em></strong></span> <span class='ocrx_word' id='word_1_362' title='bbox 1450 3583 1599 3639; x_wconf 80' lang='lat' dir='ltr'><strong><em>SCR.</em></strong></span> <span class='ocrx_word' id='word_1_363' title='bbox 1639 3583 1989 3640; x_wconf 81' lang='lat' dir='ltr'><strong><em>MLHRKP</em></strong></span> <span class='ocrx_word' id='word_1_364' title='bbox 2062 3584 2095 3638; x_wconf 90' lang='lat'><strong>1</strong></span> <span class='ocrx_word' id='word_1_365' title='bbox 2136 3578 2254 3639; x_wconf 80' lang='grc' dir='ltr'><strong><em>άλλ.</em></strong></span> <span class='ocrx_word' id='word_1_366' title='bbox 2290 3577 2590 3654; x_wconf 81' lang='grc' dir='ltr'><strong><em>άβνδόθεν</em></strong></span> <span class='ocrx_word' id='word_1_367' title='bbox 2626 3576 2951 3652; x_wconf 81' lang='grc' dir='ltr'><strong><em>οῦρανόθεν</em></strong></span> <span class='ocrx_word' id='word_1_368' title='bbox 2987 3582 3053 3637; x_wconf 98' lang='grc' dir='ltr'><strong><em>Κ</em></strong></span> <span class='ocrx_word' id='word_1_369' title='bbox 3061 3581 3155 3652; x_wconf 92' lang='grc' dir='ltr'><strong><em>ΡΙ</em></strong></span> <span class='ocrx_word' id='word_1_370' title='bbox 3186 3583 3283 3637; x_wconf 79' lang='grc' dir='ltr'><strong><em>καὶ</em></strong></span> <span class='ocrx_word' id='word_1_371' title='bbox 3319 3578 3390 3638; x_wconf 77' lang='grc' dir='ltr'><strong><em>τὰ</em></strong></span> <span class='ocrx_word' id='word_1_372' title='bbox 3428 3578 3519 3653; x_wconf 81' lang='grc' dir='ltr'><strong><em>ὅμ.</em></strong></span> <span class='ocrx_word' id='word_1_373' title='bbox 3549 3599 3658 3639; x_wconf 88' lang='lat' dir='ltr'><strong><em>om.</em></strong></span> <span class='ocrx_word' id='word_1_374' title='bbox 3697 3584 3759 3638; x_wconf 98' lang='lat' dir='ltr'><strong><em>K</em></strong></span> <span class='ocrx_word' id='word_1_375' title='bbox 3782 3585 3803 3653; x_wconf 71' lang='lat' dir='ltr'>fl</span> <span class='ocrx_word' id='word_1_376' title='bbox 3828 3583 3865 3639; x_wconf 97' lang='grc'>2</span> <span class='ocrx_word' id='word_1_377' title='bbox 3902 3578 4043 3656; x_wconf 81' lang='grc' dir='ltr'><strong><em>όλιγ.</em></strong></span> <span class='ocrx_word' id='word_1_378' title='bbox 4081 3604 4223 3655; x_wconf 86' lang='grc' dir='ltr'><strong><em>τετρ.</em></strong></span> <span class='ocrx_word' id='word_1_379' title='bbox 4264 3603 4372 3642; x_wconf 89' lang='lat' dir='ltr'><strong><em>om.</em></strong></span> <span class='ocrx_word' id='word_1_380' title='bbox 4411 3586 4462 3640; x_wconf 89' lang='lat' dir='ltr'><strong><em>L</em></strong></span> <span class='ocrx_word' id='word_1_381' title='bbox 4507 3587 4517 3656; x_wconf 89' lang='grc' dir='ltr'>Ι</span> 
     </span>
     <span class='ocr_line' id='line_1_29' title="bbox 798 3665 4518 3747; baseline 0.001 -21"><span class='ocrx_word' id='word_1_382' title='bbox 798 3690 939 3743; x_wconf 79' lang='grc' dir='ltr'><strong><em>τετρ.</em></strong></span> <span class='ocrx_word' id='word_1_383' title='bbox 977 3703 1046 3713; x_wconf 90' lang='grc'>-</span> <span class='ocrx_word' id='word_1_384' title='bbox 1083 3691 1208 3742; x_wconf 77' lang='grc' dir='ltr'><strong><em>μορ.</em></strong></span> <span class='ocrx_word' id='word_1_385' title='bbox 1249 3689 1355 3729; x_wconf 87' lang='lat' dir='ltr'><strong><em>om.</em></strong></span> <span class='ocrx_word' id='word_1_386' title='bbox 1385 3672 1513 3727; x_wconf 93' lang='lat' dir='ltr'><strong><em>HR</em></strong></span> <span class='ocrx_word' id='word_1_387' title='bbox 1544 3675 1553 3740; x_wconf 97' lang='grc' dir='ltr'>Ι</span> <span class='ocrx_word' id='word_1_388' title='bbox 1583 3690 1735 3728; x_wconf 86' lang='grc' dir='ltr'><strong><em>πεντ.</em></strong></span> <span class='ocrx_word' id='word_1_389' title='bbox 1776 3693 1900 3744; x_wconf 79' lang='grc' dir='ltr'><strong><em>μορ.</em></strong></span> <span class='ocrx_word' id='word_1_390' title='bbox 1942 3690 2050 3729; x_wconf 88' lang='lat' dir='ltr'><strong><em>om.</em></strong></span> <span class='ocrx_word' id='word_1_391' title='bbox 2080 3673 2169 3741; x_wconf 90' lang='grc' dir='ltr'><strong><em>ΡΙ</em></strong></span> <span class='ocrx_word' id='word_1_392' title='bbox 2200 3690 2355 3727; x_wconf 86' lang='grc' dir='ltr'><strong><em>πεντ.</em></strong></span> <span class='ocrx_word' id='word_1_393' title='bbox 2392 3700 2462 3711; x_wconf 85' lang='grc'>-</span> <span class='ocrx_word' id='word_1_394' title='bbox 2500 3673 2649 3727; x_wconf 86' lang='grc' dir='ltr'><strong><em>πολλ.</em></strong></span> <span class='ocrx_word' id='word_1_395' title='bbox 2691 3686 2797 3726; x_wconf 88' lang='lat' dir='ltr'><strong><em>om.</em></strong></span> <span class='ocrx_word' id='word_1_396' title='bbox 2824 3671 2891 3726; x_wconf 85' lang='lat' dir='ltr'><strong><em>K</em></strong></span> <span class='ocrx_word' id='word_1_397' title='bbox 2910 3673 2931 3741; x_wconf 80' lang='grc' dir='ltr'>Ι</span> <span class='ocrx_word' id='word_1_398' title='bbox 2956 3669 2994 3727; x_wconf 77' lang='grc'><strong>9</strong></span> <span class='ocrx_word' id='word_1_399' title='bbox 3030 3668 3148 3742; x_wconf 73' lang='grc' dir='ltr'><strong><em>τρὶς</em></strong></span> <span class='ocrx_word' id='word_1_400' title='bbox 3180 3688 3287 3728; x_wconf 88' lang='lat' dir='ltr'><strong><em>om.</em></strong></span> <span class='ocrx_word' id='word_1_401' title='bbox 3316 3671 3382 3726; x_wconf 93' lang='lat' dir='ltr'><strong><em>K</em></strong></span> <span class='ocrx_word' id='word_1_402' title='bbox 3408 3673 3416 3738; x_wconf 93' lang='grc' dir='ltr'>Ι</span> <span class='ocrx_word' id='word_1_403' title='bbox 3448 3665 3596 3739; x_wconf 71' lang='grc' dir='ltr'><strong><em>ἅλις,</em></strong></span> <span class='ocrx_word' id='word_1_404' title='bbox 3635 3669 3757 3727; x_wconf 76' lang='grc' dir='ltr'><strong><em>οἷον</em></strong></span> <span class='ocrx_word' id='word_1_405' title='bbox 3794 3667 4114 3743; x_wconf 73' lang='grc' dir='ltr'><strong><em>αὐτάρκως,</em></strong></span> <span class='ocrx_word' id='word_1_406' title='bbox 4151 3693 4205 3744; x_wconf 87' lang='grc' dir='ltr'><strong><em>μ.</em></strong></span> <span class='ocrx_word' id='word_1_407' title='bbox 4236 3674 4305 3728; x_wconf 98' lang='lat' dir='ltr'><strong><em>H</em></strong></span> <span class='ocrx_word' id='word_1_408' title='bbox 4328 3678 4337 3743; x_wconf 94' lang='grc' dir='ltr'>Ι</span> <span class='ocrx_word' id='word_1_409' title='bbox 4369 3668 4518 3747; x_wconf 77' lang='grc' dir='ltr'><strong><em>ἅλις]</em></strong></span> 
     </span>
     <span class='ocr_line' id='line_1_30' title="bbox 796 3750 4518 3833; baseline 0.001 -18"><span class='ocrx_word' id='word_1_410' title='bbox 796 3755 984 3831; x_wconf 77' lang='grc' dir='ltr'><strong><em>ἄχρις,</em></strong></span> <span class='ocrx_word' id='word_1_411' title='bbox 1021 3755 1150 3817; x_wconf 72' lang='grc' dir='ltr'><strong><em>ἀντὶ</em></strong></span> <span class='ocrx_word' id='word_1_412' title='bbox 1177 3760 1278 3816; x_wconf 89' lang='grc' dir='ltr'><strong><em>τοῦ</em></strong></span> <span class='ocrx_word' id='word_1_413' title='bbox 1309 3755 1607 3828; x_wconf 70' lang='grc' dir='ltr'><strong><em>αὐτάρκως</em></strong></span> <span class='ocrx_word' id='word_1_414' title='bbox 1642 3760 1698 3816; x_wconf 90' lang='lat' dir='ltr'><em>R</em></span> <span class='ocrx_word' id='word_1_415' title='bbox 1728 3762 1738 3832; x_wconf 88' lang='grc' dir='ltr'>Ι</span> <span class='ocrx_word' id='word_1_416' title='bbox 1770 3755 1892 3825; x_wconf 74' lang='grc' dir='ltr'><strong><em>ἅλις</em></strong></span> <span class='ocrx_word' id='word_1_417' title='bbox 1921 3792 1987 3801; x_wconf 93' lang='grc'>-</span> <span class='ocrx_word' id='word_1_418' title='bbox 2016 3760 2206 3833; x_wconf 74' lang='grc' dir='ltr'><strong><em>χωρίς]</em></strong></span> <span class='ocrx_word' id='word_1_419' title='bbox 2245 3761 2403 3831; x_wconf 84' lang='grc' dir='ltr'><strong><em>μερίς</em></strong></span> <span class='ocrx_word' id='word_1_420' title='bbox 2428 3758 2494 3813; x_wconf 97' lang='grc' dir='ltr'><strong><em>Κ</em></strong></span> <span class='ocrx_word' id='word_1_421' title='bbox 2514 3761 2534 3829; x_wconf 80' lang='grc' dir='ltr'>Ι</span> <span class='ocrx_word' id='word_1_422' title='bbox 2561 3750 2736 3823; x_wconf 77' lang='grc' dir='ltr'><strong><em>αὖθις</em></strong></span> <span class='ocrx_word' id='word_1_423' title='bbox 2771 3759 2869 3815; x_wconf 79' lang='grc' dir='ltr'><strong><em>καὶ</em></strong></span> <span class='ocrx_word' id='word_1_424' title='bbox 2907 3758 3073 3830; x_wconf 74' lang='grc' dir='ltr'><strong><em>ἔτερα</em></strong></span> <span class='ocrx_word' id='word_1_425' title='bbox 3100 3761 3335 3816; x_wconf 80' lang='grc' dir='ltr'><strong><em>πλείονα</em></strong></span> <span class='ocrx_word' id='word_1_426' title='bbox 3363 3759 3514 3829; x_wconf 93' lang='lat' dir='ltr'><strong><em>HR,</em></strong></span> <span class='ocrx_word' id='word_1_427' title='bbox 3544 3751 3736 3829; x_wconf 81' lang='grc' dir='ltr'><strong><em>αὖθις,</em></strong></span> <span class='ocrx_word' id='word_1_428' title='bbox 3773 3758 3918 3831; x_wconf 84' lang='grc' dir='ltr'><strong><em>πλὴν</em></strong></span> <span class='ocrx_word' id='word_1_429' title='bbox 3946 3762 4048 3817; x_wconf 85' lang='grc' dir='ltr'><strong><em>τοῦ</em></strong></span> <span class='ocrx_word' id='word_1_430' title='bbox 4076 3768 4224 3832; x_wconf 78' lang='grc' dir='ltr'><strong><em>τρεῖς</em></strong></span> <span class='ocrx_word' id='word_1_431' title='bbox 4259 3757 4518 3833; x_wconf 77' lang='grc' dir='ltr'><strong><em>ἀριθμοῦ</em></strong></span> 
     </span>
     <span class='ocr_line' id='line_1_31' title="bbox 795 3835 4518 3922; baseline 0.001 -19"><span class='ocrx_word' id='word_1_432' title='bbox 795 3850 861 3903; x_wconf 90' lang='lat' dir='ltr'><strong><em>K</em></strong></span> <span class='ocrx_word' id='word_1_433' title='bbox 888 3852 897 3920; x_wconf 93' lang='grc' dir='ltr'>Ι</span> <span class='ocrx_word' id='word_1_434' title='bbox 928 3850 1078 3922; x_wconf 81' lang='grc' dir='ltr'><strong><em>θετ.]</em></strong></span> <span class='ocrx_word' id='word_1_435' title='bbox 1116 3844 1416 3906; x_wconf 77' lang='grc' dir='ltr'><strong><em>ἐπιθετικὰ</em></strong></span> <span class='ocrx_word' id='word_1_436' title='bbox 1445 3849 1540 3920; x_wconf 86' lang='grc' dir='ltr'><strong><em>ΡΙΙ</em></strong></span> <span class='ocrx_word' id='word_1_437' title='bbox 1566 3848 1603 3905; x_wconf 77' lang='lat'><em>4</em></span> <span class='ocrx_word' id='word_1_438' title='bbox 1631 3845 1809 3921; x_wconf 88' lang='grc' dir='ltr'><strong><em>μόνου</em></strong></span> <span class='ocrx_word' id='word_1_439' title='bbox 1839 3867 1947 3907; x_wconf 87' lang='lat' dir='ltr'><strong><em>om.</em></strong></span> <span class='ocrx_word' id='word_1_440' title='bbox 1978 3849 2177 3905; x_wconf 91' lang='lat' dir='ltr'><strong><em>HRK</em></strong></span> <span class='ocrx_word' id='word_1_441' title='bbox 2186 3848 2241 3903; x_wconf 91' lang='lat' dir='ltr'><em>P</em></span> <span class='ocrx_word' id='word_1_442' title='bbox 2269 3851 2277 3916; x_wconf 99' lang='grc' dir='ltr'>Ι</span> <span class='ocrx_word' id='word_1_443' title='bbox 2312 3847 2365 3919; x_wconf 75' lang='grc' dir='ltr'><strong><em>ἒ]</em></strong></span> <span class='ocrx_word' id='word_1_444' title='bbox 2408 3854 2433 3903; x_wconf 75' lang='grc' dir='ltr'>ἰ</span> <span class='ocrx_word' id='word_1_445' title='bbox 2465 3848 2635 3917; x_wconf 92' lang='grc' dir='ltr'><strong><em>ψιλοῦ</em></strong></span> <span class='ocrx_word' id='word_1_446' title='bbox 2664 3848 2807 3918; x_wconf 91' lang='lat' dir='ltr'><strong><em>HR,</em></strong></span> <span class='ocrx_word' id='word_1_447' title='bbox 2844 3849 3017 3919; x_wconf 87' lang='grc' dir='ltr'><strong><em>ψιλοῦ</em></strong></span> <span class='ocrx_word' id='word_1_448' title='bbox 3047 3856 3073 3906; x_wconf 80' lang='grc' dir='ltr'>ἒ</span> <span class='ocrx_word' id='word_1_449' title='bbox 3110 3848 3168 3904; x_wconf 88' lang='grc' dir='ltr'><strong><em>Ρ</em></strong></span> <span class='ocrx_word' id='word_1_450' title='bbox 3193 3849 3205 3922; x_wconf 89' lang='grc' dir='ltr'>Ι</span> <span class='ocrx_word' id='word_1_451' title='bbox 3234 3835 3502 3918; x_wconf 74' lang='grc' dir='ltr'><strong><em>ποιητέον</em></strong></span> <span class='ocrx_word' id='word_1_452' title='bbox 3542 3865 3648 3905; x_wconf 88' lang='lat' dir='ltr'><strong><em>om.</em></strong></span> <span class='ocrx_word' id='word_1_453' title='bbox 3679 3848 3767 3918; x_wconf 90' lang='grc' dir='ltr'><strong><em>ΡΙ</em></strong></span> <span class='ocrx_word' id='word_1_454' title='bbox 3800 3842 3989 3920; x_wconf 80' lang='grc' dir='ltr'><strong><em>ὅμοια,</em></strong></span> <span class='ocrx_word' id='word_1_455' title='bbox 4026 3846 4172 3921; x_wconf 84' lang='grc' dir='ltr'><strong><em>πλὴν</em></strong></span> <span class='ocrx_word' id='word_1_456' title='bbox 4207 3851 4309 3905; x_wconf 89' lang='grc' dir='ltr'><strong><em>τοῦ</em></strong></span> <span class='ocrx_word' id='word_1_457' title='bbox 4338 3845 4518 3907; x_wconf 82' lang='grc' dir='ltr'><strong><em>άπευ-</em></strong></span> 
     </span>
     <span class='ocr_line' id='line_1_32' title="bbox 795 3930 4519 4010; baseline 0.001 -18"><span class='ocrx_word' id='word_1_458' title='bbox 795 3945 1018 4008; x_wconf 79' lang='grc' dir='ltr'><strong><em>κταῖον,</em></strong></span> <span class='ocrx_word' id='word_1_459' title='bbox 1057 3934 1325 3995; x_wconf 71' lang='grc' dir='ltr'><strong><em>εὐκταῖον</em></strong></span> <span class='ocrx_word' id='word_1_460' title='bbox 1362 3937 1461 3994; x_wconf 74' lang='grc' dir='ltr'><strong><em>καὶ</em></strong></span> <span class='ocrx_word' id='word_1_461' title='bbox 1496 3941 1820 3994; x_wconf 80' lang='grc' dir='ltr'><strong><em>τελευταῖον</em></strong></span> <span class='ocrx_word' id='word_1_462' title='bbox 1856 3938 2029 4008; x_wconf 80' lang='grc' dir='ltr'>ΗΒΙΙ</span> <span class='ocrx_word' id='word_1_463' title='bbox 2064 3938 2101 3995; x_wconf 79' lang='lat'><strong>5</strong></span> <span class='ocrx_word' id='word_1_464' title='bbox 2140 3933 2356 3993; x_wconf 78' lang='grc' dir='ltr'><strong><em>ἐνθαδί</em></strong></span> <span class='ocrx_word' id='word_1_465' title='bbox 2384 3934 2485 3992; x_wconf 75' lang='grc' dir='ltr'><strong><em>καὶ</em></strong></span> <span class='ocrx_word' id='word_1_466' title='bbox 2519 3931 2589 3992; x_wconf 77' lang='grc' dir='ltr'><strong><em>τὰ</em></strong></span> <span class='ocrx_word' id='word_1_467' title='bbox 2625 3930 2795 4008; x_wconf 77' lang='grc' dir='ltr'><strong><em>ὅμοια</em></strong></span> <span class='ocrx_word' id='word_1_468' title='bbox 2831 3937 2958 3993; x_wconf 91' lang='lat' dir='ltr'><strong><em>HR</em></strong></span> <span class='ocrx_word' id='word_1_469' title='bbox 2983 3941 3004 4009; x_wconf 85' lang='grc' dir='ltr'><strong><em>ΙΙ</em></strong></span> <span class='ocrx_word' id='word_1_470' title='bbox 3030 3938 3068 3995; x_wconf 76' lang='grc'><strong>6</strong></span> <span class='ocrx_word' id='word_1_471' title='bbox 3111 3933 3190 3993; x_wconf 80' lang='grc' dir='ltr'><strong><em>δι’</em></strong></span> <span class='ocrx_word' id='word_1_472' title='bbox 3232 3933 3383 4010; x_wconf 60' lang='lat' dir='ltr'><strong><em>adt]</em></strong></span> <span class='ocrx_word' id='word_1_473' title='bbox 3421 3934 3516 3993; x_wconf 76' lang='grc' dir='ltr'><strong><em>διὰ</em></strong></span> <span class='ocrx_word' id='word_1_474' title='bbox 3557 3938 3657 3994; x_wconf 89' lang='grc' dir='ltr'><strong><em>τοῦ</em></strong></span> <span class='ocrx_word' id='word_1_475' title='bbox 3696 3945 3723 3993; x_wconf 76' lang='grc' dir='ltr'><strong>ἓ</strong></span> <span class='ocrx_word' id='word_1_476' title='bbox 3762 3939 3936 4009; x_wconf 79' lang='grc' dir='ltr'><strong><em>ψιλοῦ</em></strong></span> <span class='ocrx_word' id='word_1_477' title='bbox 3975 3937 4069 4007; x_wconf 89' lang='grc' dir='ltr'><strong><em>ΡΙ</em></strong></span> <span class='ocrx_word' id='word_1_478' title='bbox 4101 3932 4195 3995; x_wconf 79' lang='grc' dir='ltr'><strong><em>ὅτε</em></strong></span> <span class='ocrx_word' id='word_1_479' title='bbox 4234 3935 4359 3995; x_wconf 80' lang='grc' dir='ltr'><strong><em>τότε</em></strong></span> <span class='ocrx_word' id='word_1_480' title='bbox 4399 3935 4519 3996; x_wconf 74' lang='grc' dir='ltr'><strong><em>ἄλλ.</em></strong></span> 
     </span>
     <span class='ocr_line' id='line_1_33' title="bbox 800 4021 4518 4099; baseline -0 -16"><span class='ocrx_word' id='word_1_481' title='bbox 800 4027 880 4097; x_wconf 90' lang='grc' dir='ltr'><strong><em>Ρ,</em></strong></span> <span class='ocrx_word' id='word_1_482' title='bbox 915 4025 1053 4085; x_wconf 81' lang='grc' dir='ltr'><strong><em>πότε</em></strong></span> <span class='ocrx_word' id='word_1_483' title='bbox 1081 4023 1207 4084; x_wconf 89' lang='grc' dir='ltr'><strong><em>τότε</em></strong></span> <span class='ocrx_word' id='word_1_484' title='bbox 1236 4023 1355 4083; x_wconf 75' lang='grc' dir='ltr'><strong><em>ἄλλ.</em></strong></span> <span class='ocrx_word' id='word_1_485' title='bbox 1388 4022 1467 4083; x_wconf 82' lang='grc' dir='ltr'><strong><em>ἐν.</em></strong></span> <span class='ocrx_word' id='word_1_486' title='bbox 1495 4023 1660 4083; x_wconf 88' lang='grc' dir='ltr'><strong><em>πάντ.</em></strong></span> <span class='ocrx_word' id='word_1_487' title='bbox 1693 4024 1805 4084; x_wconf 81' lang='grc' dir='ltr'><strong><em>ἔκτ.</em></strong></span> <span class='ocrx_word' id='word_1_488' title='bbox 1833 4021 1926 4082; x_wconf 74' lang='grc' dir='ltr'><strong><em>ὅτε</em></strong></span> <span class='ocrx_word' id='word_1_489' title='bbox 1957 4027 2022 4080; x_wconf 88' lang='lat' dir='ltr'><strong><em>K</em></strong></span> <span class='ocrx_word' id='word_1_490' title='bbox 2041 4028 2063 4096; x_wconf 84' lang='grc' dir='ltr'><strong><em>ΙΙ</em></strong></span> <span class='ocrx_word' id='word_1_491' title='bbox 2092 4026 2121 4081; x_wconf 77' lang='lat'><strong><em>&#39;2</em></strong></span> <span class='ocrx_word' id='word_1_492' title='bbox 2155 4024 2264 4082; x_wconf 76' lang='grc' dir='ltr'><strong><em>ἔκτ.</em></strong></span> <span class='ocrx_word' id='word_1_493' title='bbox 2297 4042 2404 4082; x_wconf 89' lang='lat' dir='ltr'><strong><em>om.</em></strong></span> <span class='ocrx_word' id='word_1_494' title='bbox 2438 4024 2495 4080; x_wconf 92' lang='lat' dir='ltr'><em>P</em></span> <span class='ocrx_word' id='word_1_495' title='bbox 2522 4027 2532 4094; x_wconf 95' lang='grc' dir='ltr'>Ι</span> <span class='ocrx_word' id='word_1_496' title='bbox 2567 4021 2746 4081; x_wconf 80' lang='grc' dir='ltr'><strong><em>ἐνίοτε</em></strong></span> <span class='ocrx_word' id='word_1_497' title='bbox 2776 4025 2874 4082; x_wconf 75' lang='grc' dir='ltr'><strong><em>καὶ</em></strong></span> <span class='ocrx_word' id='word_1_498' title='bbox 2903 4025 3068 4096; x_wconf 71' lang='grc' dir='ltr'><strong><em>ἕτερα</em></strong></span> <span class='ocrx_word' id='word_1_499' title='bbox 3102 4030 3336 4083; x_wconf 83' lang='grc' dir='ltr'><strong><em>πλείονα</em></strong></span> <span class='ocrx_word' id='word_1_500' title='bbox 3374 4025 3500 4081; x_wconf 92' lang='lat' dir='ltr'><strong><em>HR</em></strong></span> <span class='ocrx_word' id='word_1_501' title='bbox 3529 4030 3539 4094; x_wconf 97' lang='grc' dir='ltr'>Ι</span> <span class='ocrx_word' id='word_1_502' title='bbox 3572 4026 3627 4099; x_wconf 80' lang='grc' dir='ltr'><strong><em>ἓ]</em></strong></span> <span class='ocrx_word' id='word_1_503' title='bbox 3666 4033 3692 4083; x_wconf 74' lang='grc' dir='ltr'><strong><em>ἓ</em></strong></span> <span class='ocrx_word' id='word_1_504' title='bbox 3724 4028 3894 4095; x_wconf 85' lang='grc' dir='ltr'><strong><em>ψιλοῦ</em></strong></span> <span class='ocrx_word' id='word_1_505' title='bbox 3924 4027 4049 4083; x_wconf 90' lang='lat' dir='ltr'><strong><em>HR</em></strong></span> <span class='ocrx_word' id='word_1_506' title='bbox 4075 4030 4095 4099; x_wconf 93' lang='grc' dir='ltr'><strong><em>ΙΙ</em></strong></span> <span class='ocrx_word' id='word_1_507' title='bbox 4123 4026 4159 4083; x_wconf 87' lang='grc'>8</span> <span class='ocrx_word' id='word_1_508' title='bbox 4186 4022 4420 4084; x_wconf 75' lang='grc' dir='ltr'><strong><em>ἄνωθεν</em></strong></span> <span class='ocrx_word' id='word_1_509' title='bbox 4448 4060 4518 4069; x_wconf 93' lang='grc'>-</span> 
     </span>
     <span class='ocr_line' id='line_1_34' title="bbox 796 4109 4521 4187; baseline 0.001 -17"><span class='ocrx_word' id='word_1_510' title='bbox 796 4135 959 4172; x_wconf 88' lang='grc' dir='ltr'><strong><em>παντ.</em></strong></span> <span class='ocrx_word' id='word_1_511' title='bbox 988 4134 1095 4173; x_wconf 90' lang='lat' dir='ltr'><strong><em>om.</em></strong></span> <span class='ocrx_word' id='word_1_512' title='bbox 1126 4116 1183 4172; x_wconf 92' lang='lat' dir='ltr'><strong><em>P</em></strong></span> <span class='ocrx_word' id='word_1_513' title='bbox 1206 4120 1217 4187; x_wconf 91' lang='grc' dir='ltr'>Ι</span> <span class='ocrx_word' id='word_1_514' title='bbox 1246 4111 1504 4186; x_wconf 75' lang='grc' dir='ltr'><strong><em>άθήνηθ.</em></strong></span> <span class='ocrx_word' id='word_1_515' title='bbox 1537 4147 1603 4156; x_wconf 92' lang='lat'>-</span> <span class='ocrx_word' id='word_1_516' title='bbox 1632 4111 1755 4171; x_wconf 82' lang='grc' dir='ltr'><strong><em>αῦτ.</em></strong></span> <span class='ocrx_word' id='word_1_517' title='bbox 1785 4132 1891 4172; x_wconf 87' lang='lat' dir='ltr'><strong><em>om.</em></strong></span> <span class='ocrx_word' id='word_1_518' title='bbox 1913 4115 1979 4170; x_wconf 89' lang='lat' dir='ltr'><strong><em>K</em></strong></span> <span class='ocrx_word' id='word_1_519' title='bbox 2004 4120 2013 4185; x_wconf 93' lang='grc' dir='ltr'>Ι</span> <span class='ocrx_word' id='word_1_520' title='bbox 2044 4110 2289 4186; x_wconf 74' lang='grc' dir='ltr'><strong><em>τήλοθεν</em></strong></span> <span class='ocrx_word' id='word_1_521' title='bbox 2318 4109 2448 4169; x_wconf 65' lang='lat' dir='ltr'><strong><em>dm</em></strong></span> <span class='ocrx_word' id='word_1_522' title='bbox 2474 4113 2575 4169; x_wconf 88' lang='grc' dir='ltr'><strong><em>τοῦ</em></strong></span> <span class='ocrx_word' id='word_1_523' title='bbox 2603 4111 2898 4184; x_wconf 77' lang='grc' dir='ltr'><strong><em>μακρόθεν</em></strong></span> <span class='ocrx_word' id='word_1_524' title='bbox 2926 4134 2982 4170; x_wconf 88' lang='grc' dir='ltr'><strong><em>π.</em></strong></span> <span class='ocrx_word' id='word_1_525' title='bbox 3009 4115 3136 4171; x_wconf 90' lang='lat' dir='ltr'><strong><em>HR</em></strong></span> <span class='ocrx_word' id='word_1_526' title='bbox 3166 4120 3175 4187; x_wconf 91' lang='grc' dir='ltr'>Ι</span> <span class='ocrx_word' id='word_1_527' title='bbox 3206 4110 3321 4172; x_wconf 86' lang='grc' dir='ltr'><strong><em>α’λλ.</em></strong></span> <span class='ocrx_word' id='word_1_528' title='bbox 3352 4132 3461 4172; x_wconf 88' lang='lat' dir='ltr'><strong><em>om.</em></strong></span> <span class='ocrx_word' id='word_1_529' title='bbox 3481 4115 3550 4170; x_wconf 91' lang='lat' dir='ltr'><strong><em>H</em></strong></span> <span class='ocrx_word' id='word_1_530' title='bbox 3569 4118 3590 4186; x_wconf 73' lang='lat' dir='ltr'>fl</span> <span class='ocrx_word' id='word_1_531' title='bbox 3615 4116 3653 4172; x_wconf 96' lang='grc'><strong>9</strong></span> <span class='ocrx_word' id='word_1_532' title='bbox 3680 4111 3937 4171; x_wconf 72' lang='grc' dir='ltr'><strong><em>αὐτόθεν</em></strong></span> <span class='ocrx_word' id='word_1_533' title='bbox 3964 4115 4061 4170; x_wconf 78' lang='grc' dir='ltr'><strong><em>καὶ</em></strong></span> <span class='ocrx_word' id='word_1_534' title='bbox 4091 4114 4254 4185; x_wconf 73' lang='grc' dir='ltr'><strong><em>ἕτερα</em></strong></span> <span class='ocrx_word' id='word_1_535' title='bbox 4281 4120 4521 4172; x_wconf 83' lang='grc' dir='ltr'><strong><em>πλείονα</em></strong></span> 
     </span>
     <span class='ocr_line' id='line_1_35' title="bbox 796 4196 4519 4276; baseline 0 -17"><span class='ocrx_word' id='word_1_536' title='bbox 796 4204 914 4259; x_wconf 92' lang='lat' dir='ltr'><strong><em>HR</em></strong></span> <span class='ocrx_word' id='word_1_537' title='bbox 943 4209 953 4275; x_wconf 93' lang='grc' dir='ltr'>Ι</span> <span class='ocrx_word' id='word_1_538' title='bbox 988 4196 1176 4276; x_wconf 61' lang='grc' dir='ltr'><strong><em>ἔγῷιον</em></strong></span> <span class='ocrx_word' id='word_1_539' title='bbox 1204 4222 1311 4262; x_wconf 88' lang='lat' dir='ltr'><strong><em>om.</em></strong></span> <span class='ocrx_word' id='word_1_540' title='bbox 1341 4204 1407 4259; x_wconf 93' lang='lat' dir='ltr'><strong><em>K</em></strong></span> <span class='ocrx_word' id='word_1_541' title='bbox 1433 4207 1441 4273; x_wconf 94' lang='grc' dir='ltr'>Ι</span> <span class='ocrx_word' id='word_1_542' title='bbox 1476 4202 1665 4275; x_wconf 79' lang='grc' dir='ltr'><strong><em>ἔγγιον</em></strong></span> <span class='ocrx_word' id='word_1_543' title='bbox 1691 4204 1789 4260; x_wconf 77' lang='grc' dir='ltr'><strong><em>καὶ</em></strong></span> <span class='ocrx_word' id='word_1_544' title='bbox 1817 4200 1884 4260; x_wconf 80' lang='grc' dir='ltr'><strong><em>τὰ</em></strong></span> <span class='ocrx_word' id='word_1_545' title='bbox 1913 4196 2085 4276; x_wconf 76' lang='grc' dir='ltr'><strong><em>ὅμοια</em></strong></span> <span class='ocrx_word' id='word_1_546' title='bbox 2111 4203 2237 4259; x_wconf 90' lang='lat' dir='ltr'><strong><em>HR</em></strong></span> <span class='ocrx_word' id='word_1_547' title='bbox 2262 4207 2282 4273; x_wconf 71' lang='lat' dir='ltr'>u</span> <span class='ocrx_word' id='word_1_548' title='bbox 2309 4203 2380 4258; x_wconf 89' lang='lat'><strong><em>11</em></strong></span> <span class='ocrx_word' id='word_1_549' title='bbox 2417 4196 2588 4272; x_wconf 78' lang='grc' dir='ltr'><strong><em>ἐλάλ.]</em></strong></span> <span class='ocrx_word' id='word_1_550' title='bbox 2620 4197 2882 4272; x_wconf 82' lang='grc' dir='ltr'><strong><em>ἐποίησεν</em></strong></span> <span class='ocrx_word' id='word_1_551' title='bbox 2912 4203 2981 4257; x_wconf 98' lang='lat' dir='ltr'><strong><em>H</em></strong></span> <span class='ocrx_word' id='word_1_552' title='bbox 3004 4204 3013 4273; x_wconf 97' lang='grc' dir='ltr'>Ι</span> <span class='ocrx_word' id='word_1_553' title='bbox 3047 4198 3198 4272; x_wconf 78' lang='grc' dir='ltr'><strong><em>ἐναρ.</em></strong></span> <span class='ocrx_word' id='word_1_554' title='bbox 3240 4199 3505 4273; x_wconf 83' lang='grc' dir='ltr'><strong><em>ἐλάλησεν</em></strong></span> <span class='ocrx_word' id='word_1_555' title='bbox 3533 4198 3569 4273; x_wconf 85' lang='grc' dir='ltr'>ἢ</span> <span class='ocrx_word' id='word_1_556' title='bbox 3601 4201 3867 4273; x_wconf 81' lang='grc' dir='ltr'><strong><em>ἔγραψεν,</em></strong></span> <span class='ocrx_word' id='word_1_557' title='bbox 3903 4201 4050 4274; x_wconf 82' lang='grc' dir='ltr'><strong><em>πλὴν</em></strong></span> <span class='ocrx_word' id='word_1_558' title='bbox 4076 4204 4190 4259; x_wconf 87' lang='grc' dir='ltr'><strong><em>τῶν</em></strong></span> <span class='ocrx_word' id='word_1_559' title='bbox 4218 4222 4519 4276; x_wconf 80' lang='grc' dir='ltr'><strong><em>σεσημειω-</em></strong></span> 
     </span>
     <span class='ocr_line' id='line_1_36' title="bbox 794 4280 4519 4364; baseline 0 -15"><span class='ocrx_word' id='word_1_560' title='bbox 794 4291 981 4363; x_wconf 74' lang='grc' dir='ltr'><strong><em>μένων</em></strong></span> <span class='ocrx_word' id='word_1_561' title='bbox 1012 4294 1075 4350; x_wconf 92' lang='grc' dir='ltr'><strong><em>Κ</em></strong></span> <span class='ocrx_word' id='word_1_562' title='bbox 1095 4298 1115 4363; x_wconf 71' lang='lat' dir='ltr'>fl</span> <span class='ocrx_word' id='word_1_563' title='bbox 1142 4294 1216 4349; x_wconf 92' lang='grc'><strong><em>12</em></strong></span> <span class='ocrx_word' id='word_1_564' title='bbox 1252 4295 1369 4349; x_wconf 80' lang='grc' dir='ltr'><strong><em>πᾶν</em></strong></span> <span class='ocrx_word' id='word_1_565' title='bbox 1405 4324 1472 4334; x_wconf 93' lang='grc'>-</span> <span class='ocrx_word' id='word_1_566' title='bbox 1506 4289 1680 4364; x_wconf 78' lang='grc' dir='ltr'><strong><em>ἡνίκα</em></strong></span> <span class='ocrx_word' id='word_1_567' title='bbox 1718 4312 1826 4350; x_wconf 87' lang='lat' dir='ltr'><strong><em>om.</em></strong></span> <span class='ocrx_word' id='word_1_568' title='bbox 1859 4295 1946 4363; x_wconf 88' lang='lat' dir='ltr'><strong><em>K,</em></strong></span> <span class='ocrx_word' id='word_1_569' title='bbox 1981 4295 2099 4349; x_wconf 81' lang='grc' dir='ltr'><strong><em>πᾶν</em></strong></span> <span class='ocrx_word' id='word_1_570' title='bbox 2129 4324 2192 4334; x_wconf 93' lang='grc'>-</span> <span class='ocrx_word' id='word_1_571' title='bbox 2223 4295 2391 4362; x_wconf 79' lang='grc' dir='ltr'><strong><em>διφθ.</em></strong></span> <span class='ocrx_word' id='word_1_572' title='bbox 2420 4286 2591 4361; x_wconf 77' lang='grc' dir='ltr'><strong><em>γράφ.</em></strong></span> <span class='ocrx_word' id='word_1_573' title='bbox 2620 4289 2738 4361; x_wconf 81' lang='lat'>(14)</span> <span class='ocrx_word' id='word_1_574' title='bbox 2766 4280 2874 4347; x_wconf 74' lang='lat' dir='ltr'><strong><em>dm.</em></strong></span> <span class='ocrx_word' id='word_1_575' title='bbox 2907 4292 3006 4361; x_wconf 88' lang='grc' dir='ltr'><strong><em>ΡΙΙ</em></strong></span> <span class='ocrx_word' id='word_1_576' title='bbox 3034 4291 3108 4347; x_wconf 75' lang='lat'><strong><em>18</em></strong></span> <span class='ocrx_word' id='word_1_577' title='bbox 3146 4287 3240 4348; x_wconf 82' lang='grc' dir='ltr'><strong><em>διὰ</em></strong></span> <span class='ocrx_word' id='word_1_578' title='bbox 3270 4293 3372 4348; x_wconf 86' lang='grc' dir='ltr'><strong><em>τοῦ</em></strong></span> <span class='ocrx_word' id='word_1_579' title='bbox 3403 4310 3510 4350; x_wconf 88' lang='lat' dir='ltr'><strong><em>om.</em></strong></span> <span class='ocrx_word' id='word_1_580' title='bbox 3544 4293 3678 4348; x_wconf 84' lang='lat' dir='ltr'><strong><em>ML</em></strong></span> <span class='ocrx_word' id='word_1_581' title='bbox 3708 4296 3717 4361; x_wconf 95' lang='grc' dir='ltr'>Ι</span> <span class='ocrx_word' id='word_1_582' title='bbox 3749 4289 3920 4363; x_wconf 82' lang='grc' dir='ltr'><strong><em>ἡνίκα</em></strong></span> <span class='ocrx_word' id='word_1_583' title='bbox 3952 4293 4049 4349; x_wconf 77' lang='grc' dir='ltr'><strong><em>καὶ</em></strong></span> <span class='ocrx_word' id='word_1_584' title='bbox 4088 4292 4252 4364; x_wconf 71' lang='grc' dir='ltr'><strong><em>ἕτερα</em></strong></span> <span class='ocrx_word' id='word_1_585' title='bbox 4280 4295 4519 4349; x_wconf 80' lang='grc' dir='ltr'><strong><em>πλείονα</em></strong></span> 
     </span>
     <span class='ocr_line' id='line_1_37' title="bbox 796 4376 4518 4456; baseline 0 -19"><span class='ocrx_word' id='word_1_586' title='bbox 796 4382 923 4437; x_wconf 93' lang='lat' dir='ltr'><strong><em>HR</em></strong></span> <span class='ocrx_word' id='word_1_587' title='bbox 956 4383 978 4451; x_wconf 82' lang='grc' dir='ltr'>Ι</span> <span class='ocrx_word' id='word_1_588' title='bbox 1013 4382 1087 4439; x_wconf 78' lang='grc'><strong><em>15</em></strong></span> <span class='ocrx_word' id='word_1_589' title='bbox 1120 4377 1301 4456; x_wconf 75' lang='grc' dir='ltr'><strong><em>ἐφεΕ.]</em></strong></span> <span class='ocrx_word' id='word_1_590' title='bbox 1340 4384 1552 4454; x_wconf 75' lang='grc' dir='ltr'><strong><em>αἴφνης</em></strong></span> <span class='ocrx_word' id='word_1_591' title='bbox 1589 4379 1863 4453; x_wconf 75' lang='grc' dir='ltr'><strong><em>ἐξαίφνης</em></strong></span> <span class='ocrx_word' id='word_1_592' title='bbox 1888 4384 1954 4437; x_wconf 90' lang='grc' dir='ltr'><strong><em>Κ</em></strong></span> <span class='ocrx_word' id='word_1_593' title='bbox 1979 4386 1989 4451; x_wconf 95' lang='grc' dir='ltr'>Ι</span> <span class='ocrx_word' id='word_1_594' title='bbox 2021 4381 2247 4454; x_wconf 54' lang='lat' dir='ltr'><strong><em>anovi]</em></strong></span> <span class='ocrx_word' id='word_1_595' title='bbox 2288 4376 2498 4451; x_wconf 70' lang='grc' dir='ltr'><strong><em>ἐφεξῆς</em></strong></span> <span class='ocrx_word' id='word_1_596' title='bbox 2524 4380 2603 4450; x_wconf 91' lang='lat' dir='ltr'><strong><em>H,</em></strong></span> <span class='ocrx_word' id='word_1_597' title='bbox 2641 4398 2749 4436; x_wconf 87' lang='lat' dir='ltr'><strong><em>om.</em></strong></span> <span class='ocrx_word' id='word_1_598' title='bbox 2791 4380 2889 4449; x_wconf 69' lang='lat' dir='ltr'><strong><em>Pu</em></strong></span> <span class='ocrx_word' id='word_1_599' title='bbox 2924 4379 3000 4435; x_wconf 81' lang='grc'><strong><em>16</em></strong></span> <span class='ocrx_word' id='word_1_600' title='bbox 3035 4377 3098 4436; x_wconf 82' lang='grc' dir='ltr'><strong><em>τὸ</em></strong></span> <span class='ocrx_word' id='word_1_601' title='bbox 3137 4386 3191 4437; x_wconf 62' lang='grc' dir='ltr'><em>ᾗ</em></span> <span class='ocrx_word' id='word_1_602' title='bbox 3226 4376 3642 4451; x_wconf 76' lang='grc' dir='ltr'><strong><em>άποτρεπτικόν</em></strong></span> <span class='ocrx_word' id='word_1_603' title='bbox 3678 4382 3748 4437; x_wconf 94' lang='lat' dir='ltr'><strong><em>H</em></strong></span> <span class='ocrx_word' id='word_1_604' title='bbox 3780 4385 3789 4450; x_wconf 93' lang='grc' dir='ltr'>Ι</span> <span class='ocrx_word' id='word_1_605' title='bbox 3829 4378 3894 4436; x_wconf 81' lang='grc' dir='ltr'><strong><em>τὸ</em></strong></span> <span class='ocrx_word' id='word_1_606' title='bbox 3931 4378 4044 4452; x_wconf 80' lang='grc' dir='ltr'><strong><em>ἤδη</em></strong></span> <span class='ocrx_word' id='word_1_607' title='bbox 4082 4414 4150 4425; x_wconf 92' lang='lat'>—</span> <span class='ocrx_word' id='word_1_608' title='bbox 4188 4385 4354 4453; x_wconf 82' lang='grc' dir='ltr'><strong><em>διφθ.</em></strong></span> <span class='ocrx_word' id='word_1_609' title='bbox 4394 4382 4518 4451; x_wconf 81' lang='grc'><strong>(18)</strong></span> 
     </span>
     <span class='ocr_line' id='line_1_38' title="bbox 797 4465 4517 4545; baseline -0 -18"><span class='ocrx_word' id='word_1_610' title='bbox 797 4488 904 4528; x_wconf 88' lang='lat' dir='ltr'><strong><em>om.</em></strong></span> <span class='ocrx_word' id='word_1_611' title='bbox 943 4471 999 4527; x_wconf 92' lang='lat' dir='ltr'><em>R</em></span> <span class='ocrx_word' id='word_1_612' title='bbox 1029 4476 1038 4541; x_wconf 93' lang='grc' dir='ltr'>Ι</span> <span class='ocrx_word' id='word_1_613' title='bbox 1069 4471 1166 4526; x_wconf 77' lang='grc' dir='ltr'><strong><em>καὶ</em></strong></span> <span class='ocrx_word' id='word_1_614' title='bbox 1203 4469 1417 4542; x_wconf 80' lang='grc' dir='ltr'><strong><em>δηλαδὴ</em></strong></span> <span class='ocrx_word' id='word_1_615' title='bbox 1457 4490 1565 4528; x_wconf 87' lang='lat' dir='ltr'><strong><em>om.</em></strong></span> <span class='ocrx_word' id='word_1_616' title='bbox 1604 4473 1671 4528; x_wconf 91' lang='lat' dir='ltr'><strong><em>K</em></strong></span> <span class='ocrx_word' id='word_1_617' title='bbox 1695 4475 1705 4543; x_wconf 94' lang='grc' dir='ltr'>Ι</span> <span class='ocrx_word' id='word_1_618' title='bbox 1736 4472 1904 4545; x_wconf 80' lang='grc' dir='ltr'><strong><em>δῆτα]</em></strong></span> <span class='ocrx_word' id='word_1_619' title='bbox 1945 4467 2015 4541; x_wconf 82' lang='grc' dir='ltr'><strong><em>δὴ</em></strong></span> <span class='ocrx_word' id='word_1_620' title='bbox 2053 4471 2122 4526; x_wconf 92' lang='lat' dir='ltr'><strong><em>H</em></strong></span> <span class='ocrx_word' id='word_1_621' title='bbox 2145 4471 2154 4543; x_wconf 92' lang='grc' dir='ltr'>Ι</span> <span class='ocrx_word' id='word_1_622' title='bbox 2187 4465 2255 4526; x_wconf 83' lang='grc' dir='ltr'><strong><em>οῦ</em></strong></span> <span class='ocrx_word' id='word_1_623' title='bbox 2294 4471 2344 4526; x_wconf 86' lang='grc' dir='ltr'><strong><em>δ.</em></strong></span> <span class='ocrx_word' id='word_1_624' title='bbox 2378 4500 2445 4509; x_wconf 91' lang='grc'><strong>-</strong></span> <span class='ocrx_word' id='word_1_625' title='bbox 2482 4489 2755 4540; x_wconf 82' lang='grc' dir='ltr'><strong><em>κατωμοτ.</em></strong></span> <span class='ocrx_word' id='word_1_626' title='bbox 2784 4485 2893 4524; x_wconf 87' lang='lat' dir='ltr'><strong><em>om.</em></strong></span> <span class='ocrx_word' id='word_1_627' title='bbox 2923 4468 3017 4539; x_wconf 72' lang='lat' dir='ltr'><strong><em>Pu</em></strong></span> <span class='ocrx_word' id='word_1_628' title='bbox 3044 4469 3113 4524; x_wconf 74' lang='lat'><strong><em>17</em></strong></span> <span class='ocrx_word' id='word_1_629' title='bbox 3145 4465 3209 4524; x_wconf 82' lang='grc' dir='ltr'><strong><em>τὸ</em></strong></span> <span class='ocrx_word' id='word_1_630' title='bbox 3237 4465 3415 4526; x_wconf 82' lang='grc' dir='ltr'><strong><em>πάλαι</em></strong></span> <span class='ocrx_word' id='word_1_631' title='bbox 3441 4501 3511 4511; x_wconf 93' lang='grc'>-</span> <span class='ocrx_word' id='word_1_632' title='bbox 3537 4470 3638 4525; x_wconf 89' lang='grc' dir='ltr'><strong><em>τοῦ</em></strong></span> <span class='ocrx_word' id='word_1_633' title='bbox 3668 4476 3703 4539; x_wconf 88' lang='grc' dir='ltr'><strong><em>ῆ</em></strong></span> <span class='ocrx_word' id='word_1_634' title='bbox 3734 4470 3854 4539; x_wconf 92' lang='grc'><strong>(19)</strong></span> <span class='ocrx_word' id='word_1_635' title='bbox 3882 4486 3990 4526; x_wconf 88' lang='lat' dir='ltr'><strong><em>om.</em></strong></span> <span class='ocrx_word' id='word_1_636' title='bbox 4023 4470 4081 4526; x_wconf 89' lang='lat' dir='ltr'><strong><em>P</em></strong></span> <span class='ocrx_word' id='word_1_637' title='bbox 4107 4473 4116 4538; x_wconf 91' lang='grc' dir='ltr'>Ι</span> <span class='ocrx_word' id='word_1_638' title='bbox 4147 4467 4211 4526; x_wconf 83' lang='grc' dir='ltr'><strong><em>τὸ</em></strong></span> <span class='ocrx_word' id='word_1_639' title='bbox 4241 4467 4417 4526; x_wconf 87' lang='grc' dir='ltr'><strong><em>πάλαι</em></strong></span> <span class='ocrx_word' id='word_1_640' title='bbox 4446 4502 4517 4512; x_wconf 88' lang='lat'><strong><em>-—</em></strong></span> 
     </span>
     <span class='ocr_line' id='line_1_39' title="bbox 794 4553 4520 4632; baseline 0 -17"><span class='ocrx_word' id='word_1_641' title='bbox 794 4555 964 4631; x_wconf 79' lang='grc' dir='ltr'><strong><em>γράφ.</em></strong></span> <span class='ocrx_word' id='word_1_642' title='bbox 1004 4564 1142 4631; x_wconf 74' lang='lat' dir='ltr'><strong>trop.</strong></span> <span class='ocrx_word' id='word_1_643' title='bbox 1169 4564 1299 4631; x_wconf 77' lang='lat' dir='ltr'><strong>post</strong></span> <span class='ocrx_word' id='word_1_644' title='bbox 1334 4572 1357 4614; x_wconf 87' lang='grc' dir='ltr'><em>ῖ</em></span> <span class='ocrx_word' id='word_1_645' title='bbox 1390 4560 1487 4629; x_wconf 92' lang='grc'><strong><em>(19</em></strong></span> <span class='ocrx_word' id='word_1_646' title='bbox 1513 4562 1601 4630; x_wconf 86' lang='grc' dir='ltr'><strong><em>)Κ</em></strong></span> <span class='ocrx_word' id='word_1_647' title='bbox 1620 4564 1640 4631; x_wconf 90' lang='grc' dir='ltr'><strong><em>ΙΙ</em></strong></span> <span class='ocrx_word' id='word_1_648' title='bbox 1668 4561 1743 4618; x_wconf 83' lang='grc'><strong><em>18</em></strong></span> <span class='ocrx_word' id='word_1_649' title='bbox 1778 4557 1848 4616; x_wconf 81' lang='grc' dir='ltr'><strong><em>τὰ</em></strong></span> <span class='ocrx_word' id='word_1_650' title='bbox 1885 4561 2079 4632; x_wconf 85' lang='grc' dir='ltr'><strong><em>πρῶτα</em></strong></span> <span class='ocrx_word' id='word_1_651' title='bbox 2104 4591 2174 4601; x_wconf 92' lang='grc'>-</span> <span class='ocrx_word' id='word_1_652' title='bbox 2203 4559 2259 4632; x_wconf 80' lang='grc' dir='ltr'><strong><em>ἓ]</em></strong></span> <span class='ocrx_word' id='word_1_653' title='bbox 2299 4553 2535 4614; x_wconf 72' lang='grc' dir='ltr'><strong><em>εὐκτικὰ</em></strong></span> <span class='ocrx_word' id='word_1_654' title='bbox 2575 4554 2925 4629; x_wconf 83' lang='grc' dir='ltr'><strong><em>ἐπιρρήματα</em></strong></span> <span class='ocrx_word' id='word_1_655' title='bbox 2961 4554 3032 4612; x_wconf 78' lang='grc' dir='ltr'><strong><em>τὰ</em></strong></span> <span class='ocrx_word' id='word_1_656' title='bbox 3069 4553 3317 4630; x_wconf 84' lang='grc' dir='ltr'><strong><em>πρότερα</em></strong></span> <span class='ocrx_word' id='word_1_657' title='bbox 3353 4560 3645 4629; x_wconf 79' lang='grc' dir='ltr'><strong><em>δίφθογγα</em></strong></span> <span class='ocrx_word' id='word_1_658' title='bbox 3673 4558 3771 4613; x_wconf 75' lang='grc' dir='ltr'><strong><em>καὶ</em></strong></span> <span class='ocrx_word' id='word_1_659' title='bbox 3806 4556 3876 4613; x_wconf 81' lang='grc' dir='ltr'><strong><em>τὰ</em></strong></span> <span class='ocrx_word' id='word_1_660' title='bbox 3907 4556 4145 4626; x_wconf 75' lang='grc' dir='ltr'><strong><em>δεύτερα</em></strong></span> <span class='ocrx_word' id='word_1_661' title='bbox 4172 4556 4315 4628; x_wconf 82' lang='grc' dir='ltr'><strong><em>ψιλά</em></strong></span> <span class='ocrx_word' id='word_1_662' title='bbox 4343 4560 4469 4615; x_wconf 91' lang='lat' dir='ltr'><strong><em>HR</em></strong></span> <span class='ocrx_word' id='word_1_663' title='bbox 4497 4560 4520 4631; x_wconf 84' lang='grc' dir='ltr'><strong><em>ΙΙ</em></strong></span> 
     </span>
     <span class='ocr_line' id='line_1_40' title="bbox 794 4639 4522 4720; baseline 0 -15"><span class='ocrx_word' id='word_1_664' title='bbox 794 4651 870 4707; x_wconf 91' lang='grc'><strong><em>19</em></strong></span> <span class='ocrx_word' id='word_1_665' title='bbox 897 4651 1065 4720; x_wconf 68' lang='grc' dir='ltr'><strong><em>διφθ.</em></strong></span> <span class='ocrx_word' id='word_1_666' title='bbox 1093 4646 1155 4705; x_wconf 85' lang='grc' dir='ltr'><strong><em>τὸ</em></strong></span> <span class='ocrx_word' id='word_1_667' title='bbox 1186 4650 1290 4704; x_wconf 86' lang='grc' dir='ltr'><strong><em>ναί</em></strong></span> <span class='ocrx_word' id='word_1_668' title='bbox 1310 4669 1361 4705; x_wconf 81' lang='grc' dir='ltr'><strong><em>κ.</em></strong></span> <span class='ocrx_word' id='word_1_669' title='bbox 1390 4649 1459 4704; x_wconf 92' lang='lat' dir='ltr'><strong><em>H</em></strong></span> <span class='ocrx_word' id='word_1_670' title='bbox 1483 4652 1492 4717; x_wconf 94' lang='grc' dir='ltr'>Ι</span> <span class='ocrx_word' id='word_1_671' title='bbox 1524 4647 1619 4705; x_wconf 76' lang='grc' dir='ltr'><strong><em>διὰ</em></strong></span> <span class='ocrx_word' id='word_1_672' title='bbox 1658 4650 1760 4705; x_wconf 89' lang='grc' dir='ltr'><strong><em>τοῦ</em></strong></span> <span class='ocrx_word' id='word_1_673' title='bbox 1789 4652 1921 4706; x_wconf 72' lang='lat' dir='ltr'><strong><em>ante</em></strong></span> <span class='ocrx_word' id='word_1_674' title='bbox 1949 4662 1973 4704; x_wconf 87' lang='grc' dir='ltr'><em>ῖ</em></span> <span class='ocrx_word' id='word_1_675' title='bbox 2003 4665 2110 4705; x_wconf 88' lang='lat' dir='ltr'><strong><em>om.</em></strong></span> <span class='ocrx_word' id='word_1_676' title='bbox 2144 4649 2219 4704; x_wconf 87' lang='grc' dir='ltr'>Μ</span> <span class='ocrx_word' id='word_1_677' title='bbox 2226 4648 2295 4702; x_wconf 98' lang='lat' dir='ltr'><strong><em>H</em></strong></span> <span class='ocrx_word' id='word_1_678' title='bbox 2297 4647 2426 4703; x_wconf 89' lang='lat' dir='ltr'><strong><em>RK</em></strong></span> <span class='ocrx_word' id='word_1_679' title='bbox 2453 4649 2463 4717; x_wconf 94' lang='grc' dir='ltr'>Ι</span> <span class='ocrx_word' id='word_1_680' title='bbox 2494 4639 2662 4717; x_wconf 84' lang='grc' dir='ltr'><strong><em>ἧττον</em></strong></span> <span class='ocrx_word' id='word_1_681' title='bbox 2691 4643 2933 4718; x_wconf 86' lang='grc' dir='ltr'><strong><em>σήμερον</em></strong></span> <span class='ocrx_word' id='word_1_682' title='bbox 2962 4649 3012 4705; x_wconf 81' lang='grc' dir='ltr'><strong><em>δ.</em></strong></span> <span class='ocrx_word' id='word_1_683' title='bbox 3033 4647 3099 4702; x_wconf 97' lang='grc' dir='ltr'><strong><em>Κ</em></strong></span> <span class='ocrx_word' id='word_1_684' title='bbox 3124 4649 3134 4718; x_wconf 94' lang='grc' dir='ltr'>Ι</span> <span class='ocrx_word' id='word_1_685' title='bbox 3164 4645 3228 4703; x_wconf 84' lang='grc' dir='ltr'><strong><em>τὸ</em></strong></span> <span class='ocrx_word' id='word_1_686' title='bbox 3259 4645 3502 4719; x_wconf 81' lang='grc' dir='ltr'><strong><em>σήμερον</em></strong></span> <span class='ocrx_word' id='word_1_687' title='bbox 3531 4644 3657 4719; x_wconf 78' lang='grc' dir='ltr'><strong><em>αὕρ.</em></strong></span> <span class='ocrx_word' id='word_1_688' title='bbox 3680 4648 3737 4702; x_wconf 92' lang='grc' dir='ltr'><strong><em>Ρ</em></strong></span> <span class='ocrx_word' id='word_1_689' title='bbox 3758 4649 3779 4717; x_wconf 88' lang='grc' dir='ltr'><strong><em>ΙΙ</em></strong></span> <span class='ocrx_word' id='word_1_690' title='bbox 3804 4646 3881 4704; x_wconf 84' lang='grc'><strong><em>20</em></strong></span> <span class='ocrx_word' id='word_1_691' title='bbox 3907 4644 4227 4719; x_wconf 79' lang='grc' dir='ltr'><strong><em>μεθαύριον</em></strong></span> <span class='ocrx_word' id='word_1_692' title='bbox 4248 4649 4323 4704; x_wconf 86' lang='lat' dir='ltr'><strong><em>M</em></strong></span> <span class='ocrx_word' id='word_1_693' title='bbox 4328 4649 4522 4705; x_wconf 85' lang='lat' dir='ltr'><strong><em>LRP</em></strong></span> 
     </span>
     <span class='ocr_line' id='line_1_41' title="bbox 798 4732 4518 4811; baseline -0 -17"><span class='ocrx_word' id='word_1_694' title='bbox 798 4741 806 4811; x_wconf 91' lang='grc' dir='ltr'>Ι</span> <span class='ocrx_word' id='word_1_695' title='bbox 845 4734 1004 4810; x_wconf 76' lang='grc' dir='ltr'><strong><em>ἡμέρ.</em></strong></span> <span class='ocrx_word' id='word_1_696' title='bbox 1035 4755 1142 4795; x_wconf 88' lang='lat' dir='ltr'><strong><em>om.</em></strong></span> <span class='ocrx_word' id='word_1_697' title='bbox 1186 4739 1278 4807; x_wconf 91' lang='grc' dir='ltr'><strong><em>ΡΙ</em></strong></span> <span class='ocrx_word' id='word_1_698' title='bbox 1310 4734 1498 4793; x_wconf 86' lang='grc' dir='ltr'><strong><em>πάντα</em></strong></span> <span class='ocrx_word' id='word_1_699' title='bbox 1535 4756 1642 4795; x_wconf 88' lang='lat' dir='ltr'><strong><em>om.</em></strong></span> <span class='ocrx_word' id='word_1_700' title='bbox 1682 4738 1772 4809; x_wconf 90' lang='grc' dir='ltr'><strong><em>ΡΙ</em></strong></span> <span class='ocrx_word' id='word_1_701' title='bbox 1804 4734 1985 4795; x_wconf 75' lang='grc' dir='ltr'><strong><em>ἄλλων</em></strong></span> <span class='ocrx_word' id='word_1_702' title='bbox 2022 4755 2131 4796; x_wconf 85' lang='lat' dir='ltr'><strong><em>om.</em></strong></span> <span class='ocrx_word' id='word_1_703' title='bbox 2172 4739 2270 4809; x_wconf 84' lang='grc' dir='ltr'><strong><em>ΡΙΙ</em></strong></span> <span class='ocrx_word' id='word_1_704' title='bbox 2296 4737 2367 4794; x_wconf 90' lang='grc'><strong><em>21</em></strong></span> <span class='ocrx_word' id='word_1_705' title='bbox 2410 4749 2432 4791; x_wconf 89' lang='grc' dir='ltr'><em>ῖ</em></span> <span class='ocrx_word' id='word_1_706' title='bbox 2466 4735 2576 4808; x_wconf 83' lang='grc' dir='ltr'><strong><em>γρ.]</em></strong></span> <span class='ocrx_word' id='word_1_707' title='bbox 2615 4743 2646 4790; x_wconf 81' lang='grc' dir='ltr'><strong>ὃ</strong></span> <span class='ocrx_word' id='word_1_708' title='bbox 2682 4735 2884 4807; x_wconf 82' lang='grc' dir='ltr'><strong><em>μικροῦ</em></strong></span> <span class='ocrx_word' id='word_1_709' title='bbox 2921 4732 3240 4805; x_wconf 84' lang='grc' dir='ltr'><strong><em>γράφονται</em></strong></span> <span class='ocrx_word' id='word_1_710' title='bbox 3271 4737 3337 4791; x_wconf 90' lang='grc' dir='ltr'><strong><em>Κ</em></strong></span> <span class='ocrx_word' id='word_1_711' title='bbox 3372 4740 3380 4805; x_wconf 95' lang='grc' dir='ltr'>Ι</span> <span class='ocrx_word' id='word_1_712' title='bbox 3421 4734 3542 4792; x_wconf 76' lang='grc' dir='ltr'><strong><em>οἷον</em></strong></span> <span class='ocrx_word' id='word_1_713' title='bbox 3580 4732 3691 4807; x_wconf 74' lang='grc' dir='ltr'><strong><em>ὀψὲ</em></strong></span> <span class='ocrx_word' id='word_1_714' title='bbox 3731 4768 3798 4777; x_wconf 91' lang='lat'><strong><em>—-</em></strong></span> <span class='ocrx_word' id='word_1_715' title='bbox 3835 4735 4009 4807; x_wconf 84' lang='grc' dir='ltr'><strong><em>γράφ.</em></strong></span> <span class='ocrx_word' id='word_1_716' title='bbox 4037 4736 4153 4807; x_wconf 87' lang='grc'>(22)</span> <span class='ocrx_word' id='word_1_717' title='bbox 4193 4753 4301 4793; x_wconf 87' lang='lat' dir='ltr'><strong><em>om.</em></strong></span> <span class='ocrx_word' id='word_1_718' title='bbox 4332 4737 4458 4793; x_wconf 89' lang='lat' dir='ltr'><strong><em>HR</em></strong></span> <span class='ocrx_word' id='word_1_719' title='bbox 4495 4738 4518 4809; x_wconf 90' lang='grc' dir='ltr'><strong><em>ΙΙ</em></strong></span> 
     </span>
     <span class='ocr_line' id='line_1_42' title="bbox 793 4820 4515 4900; baseline -0.001 -16"><span class='ocrx_word' id='word_1_720' title='bbox 793 4827 868 4884; x_wconf 83' lang='grc'><strong><em>22</em></strong></span> <span class='ocrx_word' id='word_1_721' title='bbox 898 4823 1022 4886; x_wconf 80' lang='grc' dir='ltr'><strong><em>ἕθν.</em></strong></span> <span class='ocrx_word' id='word_1_722' title='bbox 1054 4822 1170 4900; x_wconf 87' lang='grc' dir='ltr'><strong><em>ἐπ.]</em></strong></span> <span class='ocrx_word' id='word_1_723' title='bbox 1209 4821 1387 4897; x_wconf 80' lang='grc' dir='ltr'><strong><em>ἐπίρρ.</em></strong></span> <span class='ocrx_word' id='word_1_724' title='bbox 1425 4821 1727 4896; x_wconf 76' lang='grc' dir='ltr'><strong><em>ἀρσενικόν</em></strong></span> <span class='ocrx_word' id='word_1_725' title='bbox 1762 4827 1828 4882; x_wconf 98' lang='grc' dir='ltr'><strong><em>Κ</em></strong></span> <span class='ocrx_word' id='word_1_726' title='bbox 1854 4831 1862 4897; x_wconf 95' lang='grc' dir='ltr'>Ι</span> <span class='ocrx_word' id='word_1_727' title='bbox 1894 4826 2077 4898; x_wconf 67' lang='lat' dir='ltr'><strong><em>mom]</em></strong></span> <span class='ocrx_word' id='word_1_728' title='bbox 2114 4827 2381 4896; x_wconf 79' lang='grc' dir='ltr'><strong><em>φρυγιστί</em></strong></span> <span class='ocrx_word' id='word_1_729' title='bbox 2409 4825 2476 4880; x_wconf 88' lang='grc' dir='ltr'><strong><em>Κ</em></strong></span> <span class='ocrx_word' id='word_1_730' title='bbox 2500 4826 2511 4896; x_wconf 96' lang='grc' dir='ltr'>Ι</span> <span class='ocrx_word' id='word_1_731' title='bbox 2542 4842 2695 4895; x_wconf 82' lang='grc' dir='ltr'><strong><em>περσ.</em></strong></span> <span class='ocrx_word' id='word_1_732' title='bbox 2735 4827 3003 4895; x_wconf 83' lang='grc' dir='ltr'><strong><em>φρυγιστί</em></strong></span> <span class='ocrx_word' id='word_1_733' title='bbox 3035 4820 3138 4882; x_wconf 71' lang='lat' dir='ltr'><strong><em>w..</em></strong></span> <span class='ocrx_word' id='word_1_734' title='bbox 3181 4826 3238 4880; x_wconf 90' lang='grc' dir='ltr'><strong><em>Ρ</em></strong></span> <span class='ocrx_word' id='word_1_735' title='bbox 3260 4828 3279 4897; x_wconf 91' lang='grc' dir='ltr'><strong><em>ΙΙ</em></strong></span> <span class='ocrx_word' id='word_1_736' title='bbox 3305 4825 3380 4882; x_wconf 82' lang='grc'><strong><em>28</em></strong></span> <span class='ocrx_word' id='word_1_737' title='bbox 3415 4821 3628 4896; x_wconf 72' lang='grc' dir='ltr'><strong><em>ἀμισθί</em></strong></span> <span class='ocrx_word' id='word_1_738' title='bbox 3657 4842 3765 4881; x_wconf 88' lang='lat' dir='ltr'><strong><em>om.</em></strong></span> <span class='ocrx_word' id='word_1_739' title='bbox 3803 4826 3870 4879; x_wconf 90' lang='lat' dir='ltr'><strong><em>K</em></strong></span> <span class='ocrx_word' id='word_1_740' title='bbox 3887 4827 3908 4895; x_wconf 81' lang='grc' dir='ltr'>Ι</span> <span class='ocrx_word' id='word_1_741' title='bbox 3934 4824 4010 4881; x_wconf 72' lang='grc'><strong><em>24</em></strong></span> <span class='ocrx_word' id='word_1_742' title='bbox 4040 4820 4294 4897; x_wconf 79' lang='grc' dir='ltr'><strong><em>άμηνοτί</em></strong></span> <span class='ocrx_word' id='word_1_743' title='bbox 4326 4826 4402 4881; x_wconf 75' lang='lat' dir='ltr'><strong><em>M</em></strong></span> <span class='ocrx_word' id='word_1_744' title='bbox 4404 4826 4459 4881; x_wconf 91' lang='lat' dir='ltr'><strong><em>L</em></strong></span> <span class='ocrx_word' id='word_1_745' title='bbox 4497 4830 4515 4897; x_wconf 77' lang='grc' dir='ltr'><strong><em>ΙΙ</em></strong></span> 
     </span>
     <span class='ocr_line' id='line_1_43' title="bbox 793 4907 4516 4987; baseline -0.001 -16"><span class='ocrx_word' id='word_1_746' title='bbox 793 4916 867 4974; x_wconf 79' lang='grc'><strong><em>25</em></strong></span> <span class='ocrx_word' id='word_1_747' title='bbox 904 4916 1002 4972; x_wconf 79' lang='grc' dir='ltr'><strong><em>καὶ</em></strong></span> <span class='ocrx_word' id='word_1_748' title='bbox 1038 4911 1133 4987; x_wconf 84' lang='grc' dir='ltr'><strong><em>άμ.</em></strong></span> <span class='ocrx_word' id='word_1_749' title='bbox 1171 4914 1270 4971; x_wconf 72' lang='grc' dir='ltr'><strong><em>καὶ</em></strong></span> <span class='ocrx_word' id='word_1_750' title='bbox 1305 4927 1489 4985; x_wconf 80' lang='grc' dir='ltr'><strong><em>παμψ.</em></strong></span> <span class='ocrx_word' id='word_1_751' title='bbox 1530 4933 1638 4973; x_wconf 87' lang='lat' dir='ltr'><strong><em>om.</em></strong></span> <span class='ocrx_word' id='word_1_752' title='bbox 1667 4916 1733 4971; x_wconf 93' lang='lat' dir='ltr'><strong><em>K</em></strong></span> <span class='ocrx_word' id='word_1_753' title='bbox 1758 4921 1767 4985; x_wconf 95' lang='grc' dir='ltr'>Ι</span> <span class='ocrx_word' id='word_1_754' title='bbox 1798 4917 1896 4972; x_wconf 72' lang='grc' dir='ltr'><strong><em>καὶ</em></strong></span> <span class='ocrx_word' id='word_1_755' title='bbox 1933 4911 2029 4987; x_wconf 87' lang='grc' dir='ltr'><strong><em>α’μ.</em></strong></span> <span class='ocrx_word' id='word_1_756' title='bbox 2069 4947 2134 4956; x_wconf 91' lang='grc'>-</span> <span class='ocrx_word' id='word_1_757' title='bbox 2172 4911 2348 4971; x_wconf 83' lang='grc' dir='ltr'><strong><em>άθεεί</em></strong></span> <span class='ocrx_word' id='word_1_758' title='bbox 2369 4932 2476 4972; x_wconf 88' lang='lat' dir='ltr'><strong><em>om.</em></strong></span> <span class='ocrx_word' id='word_1_759' title='bbox 2508 4915 2578 4970; x_wconf 94' lang='lat' dir='ltr'><strong><em>H</em></strong></span> <span class='ocrx_word' id='word_1_760' title='bbox 2600 4917 2610 4985; x_wconf 95' lang='grc' dir='ltr'>Ι</span> <span class='ocrx_word' id='word_1_761' title='bbox 2642 4912 2738 4970; x_wconf 79' lang='grc' dir='ltr'><strong><em>καὶ</em></strong></span> <span class='ocrx_word' id='word_1_762' title='bbox 2764 4925 2950 4984; x_wconf 84' lang='grc' dir='ltr'><strong><em>παμψ.</em></strong></span> <span class='ocrx_word' id='word_1_763' title='bbox 2982 4944 3045 4954; x_wconf 93' lang='grc'>-</span> <span class='ocrx_word' id='word_1_764' title='bbox 3076 4907 3270 4984; x_wconf 76' lang='grc' dir='ltr'><strong><em>άμέλει</em></strong></span> <span class='ocrx_word' id='word_1_765' title='bbox 3299 4930 3407 4970; x_wconf 89' lang='lat' dir='ltr'><strong><em>om.</em></strong></span> <span class='ocrx_word' id='word_1_766' title='bbox 3436 4913 3563 4970; x_wconf 90' lang='lat' dir='ltr'><strong><em>RP</em></strong></span> <span class='ocrx_word' id='word_1_767' title='bbox 3590 4917 3600 4985; x_wconf 94' lang='grc' dir='ltr'>Ι</span> <span class='ocrx_word' id='word_1_768' title='bbox 3630 4913 3728 4970; x_wconf 79' lang='grc' dir='ltr'><strong><em>καὶ</em></strong></span> <span class='ocrx_word' id='word_1_769' title='bbox 3763 4908 3864 4971; x_wconf 63' lang='lat' dir='ltr'><strong><em>do.</em></strong></span> <span class='ocrx_word' id='word_1_770' title='bbox 3894 4912 3991 4970; x_wconf 77' lang='grc' dir='ltr'><strong><em>καὶ</em></strong></span> <span class='ocrx_word' id='word_1_771' title='bbox 4020 4908 4113 4984; x_wconf 86' lang='grc' dir='ltr'><strong><em>άμ.</em></strong></span> <span class='ocrx_word' id='word_1_772' title='bbox 4145 4932 4254 4971; x_wconf 86' lang='lat' dir='ltr'><strong><em>om.</em></strong></span> <span class='ocrx_word' id='word_1_773' title='bbox 4282 4914 4348 4968; x_wconf 93' lang='lat' dir='ltr'><strong><em>K</em></strong></span> <span class='ocrx_word' id='word_1_774' title='bbox 4373 4917 4381 4983; x_wconf 95' lang='grc' dir='ltr'>Ι</span> <span class='ocrx_word' id='word_1_775' title='bbox 4414 4914 4516 4969; x_wconf 71' lang='grc' dir='ltr'><strong><em>καὶ</em></strong></span> 
     </span>
     <span class='ocr_line' id='line_1_44' title="bbox 793 4998 4521 5077; baseline 0.001 -18"><span class='ocrx_word' id='word_1_776' title='bbox 793 5000 921 5061; x_wconf 79' lang='grc' dir='ltr'><strong><em>άπλ.</em></strong></span> <span class='ocrx_word' id='word_1_777' title='bbox 961 5037 1026 5046; x_wconf 88' lang='grc'><strong>-</strong></span> <span class='ocrx_word' id='word_1_778' title='bbox 1066 5005 1264 5077; x_wconf 82' lang='grc' dir='ltr'><strong><em>γραφ.]</em></strong></span> <span class='ocrx_word' id='word_1_779' title='bbox 1304 5007 1407 5060; x_wconf 82' lang='grc' dir='ltr'><strong><em>καί</em></strong></span> <span class='ocrx_word' id='word_1_780' title='bbox 1436 4999 1508 5059; x_wconf 78' lang='grc' dir='ltr'><strong><em>τὰ</em></strong></span> <span class='ocrx_word' id='word_1_781' title='bbox 1542 5000 1710 5060; x_wconf 78' lang='grc' dir='ltr'><strong><em>λοιπὰ</em></strong></span> <span class='ocrx_word' id='word_1_782' title='bbox 1749 5001 1847 5060; x_wconf 80' lang='grc' dir='ltr'><strong><em>διὰ</em></strong></span> <span class='ocrx_word' id='word_1_783' title='bbox 1884 5006 1984 5075; x_wconf 78' lang='grc' dir='ltr'><strong><em>τῆς</em></strong></span> <span class='ocrx_word' id='word_1_784' title='bbox 2020 5000 2343 5075; x_wconf 78' lang='grc' dir='ltr'><strong><em>διφθόγγου</em></strong></span> <span class='ocrx_word' id='word_1_785' title='bbox 2380 5001 2680 5074; x_wconf 83' lang='grc' dir='ltr'><strong><em>γράφεται.</em></strong></span> <span class='ocrx_word' id='word_1_786' title='bbox 2754 5004 2850 5059; x_wconf 77' lang='grc' dir='ltr'><strong><em>καὶ</em></strong></span> <span class='ocrx_word' id='word_1_787' title='bbox 2894 5005 3210 5073; x_wconf 67' lang='grc' dir='ltr'><strong><em>παμαρηφεί</em></strong></span> <span class='ocrx_word' id='word_1_788' title='bbox 3248 5002 3346 5058; x_wconf 73' lang='grc' dir='ltr'><strong><em>καὶ</em></strong></span> <span class='ocrx_word' id='word_1_789' title='bbox 3380 5005 3673 5075; x_wconf 80' lang='grc' dir='ltr'><strong><em>πανδημεί</em></strong></span> <span class='ocrx_word' id='word_1_790' title='bbox 3711 5004 3807 5058; x_wconf 78' lang='grc' dir='ltr'><strong><em>καὶ</em></strong></span> <span class='ocrx_word' id='word_1_791' title='bbox 3844 4998 4040 5074; x_wconf 73' lang='grc' dir='ltr'><strong><em>ἀμέλει</em></strong></span> <span class='ocrx_word' id='word_1_792' title='bbox 4076 5003 4173 5059; x_wconf 78' lang='grc' dir='ltr'><strong><em>καὶ</em></strong></span> <span class='ocrx_word' id='word_1_793' title='bbox 4210 4999 4521 5062; x_wconf 73' lang='grc' dir='ltr'><strong><em>ἀπ’λευστεί</em></strong></span> 
     </span>
     <span class='ocr_line' id='line_1_45' title="bbox 790 5090 1671 5165; baseline -0.001 -17"><span class='ocrx_word' id='word_1_794' title='bbox 790 5090 891 5148; x_wconf 76' lang='grc' dir='ltr'><strong><em>διὰ</em></strong></span> <span class='ocrx_word' id='word_1_795' title='bbox 930 5092 1257 5165; x_wconf 78' lang='grc' dir='ltr'><strong><em>διφθόγγου</em></strong></span> <span class='ocrx_word' id='word_1_796' title='bbox 1293 5091 1575 5165; x_wconf 83' lang='grc' dir='ltr'><strong><em>γράφεται</em></strong></span> <span class='ocrx_word' id='word_1_797' title='bbox 1614 5092 1671 5148; x_wconf 90' lang='grc' dir='ltr'><strong><em>Ρ</em></strong></span> 
     </span>
    </p>
   </div>
   <div class='ocr_carea' id='block_1_5' title="bbox 4781 820 4782 1325">
    <p class='ocr_par' dir='ltr' id='par_1_5' title="bbox 4781 820 4782 1325">
     <span class='ocr_line' id='line_1_46' title="bbox 4781 820 4782 1325; baseline 0 0"><span class='ocrx_word' id='word_1_798' title='bbox 4781 820 4782 1325; x_wconf 95' lang='lat' dir='ltr'><strong><em> </em></strong></span> 
     </span>
    </p>
   </div>
   <div class='ocr_carea' id='block_1_6' title="bbox 4780 820 4783 1652">
    <p class='ocr_par' dir='ltr' id='par_1_6' title="bbox 4780 820 4783 1652">
     <span class='ocr_line' id='line_1_47' title="bbox 4780 820 4783 1652; baseline 0 0"><span class='ocrx_word' id='word_1_799' title='bbox 4780 820 4783 1652; x_wconf 95' lang='lat' dir='ltr'><strong><em> </em></strong></span> 
     </span>
    </p>
   </div>
  </div>
 </body>
</html>
