4809 5959
1958 500 2397 567 -41....

310 673 687 763 προσώπων
752 675 1183 763 φαινομένων
1249 673 1556 763 δεικτική.
1666 676 2087 764 «Παρέπεται
2151 676 2226 745 δὲ
2291 673 2459 764 αὐτῇ
2519 666 2594 758 1ἕξ
2604 727 2623 762 ,
2687 674 3040 764 πρόσωπα,
3105 676 3295 763 γένη,
3358 672 3646 765 ἀριθμοί
3655 728 3673 764 ,
3737 675 4037 764 πτώσεις,

311 780 642 869 σχήματα,
697 785 863 869 εἴδη.
954 780 1302 873 Πρόσωπα
1343 780 1799 869 πρωτοτόκων
1845 784 1968 870 μὲν
2024 781 2151 870 ἐγώ
2210 781 2296 851 σύ
2350 784 2451 868 ἵ»,
2517 779 2667 850 ἀντὶ
2732 785 2856 851 τοῦ
2921 778 3067 868 ἐγώ
3133 783 3462 869 Πέτρος,
3528 780 3622 851 σύ
3687 788 4036 868 Παῦλος,

311 888 615 969 ἐκεῖνος
656 884 1055 976 Ἰωάννης·
1100 887 1565 977 «παραγώγων
1594 888 1670 958 δὲ
1698 888 1855 976 ἐμός
1882 888 2001 970 σός
2029 885 2162 969 ὅς».
2237 889 2453 976 «Γένη
2490 892 2629 958 τῶν
2665 888 2788 976 μὲν
2834 887 3286 978 πρωτοτύπων
3330 887 3709 978 προσώπων
3756 888 3869 958 διὰ
3915 889 4039 978 μὲν

310 997 428 1081 τῆς
489 999 723 1083 φωνῆς
786 993 871 1064 06
925 999 1414 1084 διακρίνονται,
1479 1000 1935 1083 φανεροῦνται
1998 995 2074 1065 δὲ
2137 994 2251 1064 διὰ
2307 1000 2424 1083 τῆς
2477 992 2591 1064 ὑπ’
2663 994 2888 1065 αὐτῶν
2946 999 3237 1081 δείξεως,
3305 989 3454 1065 οἷον
3508 993 3551 1083 ἡ
3609 995 3736 1083 ἐγώ
3802 994 3890 1065 σύ
3951 999 4037 1063 ἵ».

303 1097 745 1188 Ἀντωνυμίαι
783 1105 1175 1188 φωνητικῶς
1211 1100 1334 1188 μὲν
1372 1099 1455 1170 οῦ
1491 1107 1893 1190 σημαίνουσι
1929 1103 2154 1189 γένος,
2211 1100 2367 1171 οὔτε
2412 1100 2618 1190 ἄρσεν
2666 1100 2820 1171 οὔτε
2866 1106 3074 1190 θῆλυ·
3131 1106 3471 1183 δεικτικῶς
3516 1102 3591 1171 δὲ
3636 1107 4038 1190 σημαίνουσι
4078 1122 4110 1172 5

307 1208 421 1275 καὶ
447 1206 653 1295 ἄρσεν
680 1209 792 1276 καὶ
819 1212 1001 1296 θῆλυ
1027 1209 1138 1277 καὶ
1167 1205 1552 1296 οὐδέτερον·
1582 1211 1657 1276 αἱ
1680 1208 1755 1278 δὲ
1782 1209 2172 1297 παράγωγοι
2201 1205 2619 1295 άντωνυμίαι
2647 1207 2760 1276 διὰ
2788 1211 2925 1277 τῶν
2963 1206 3248 1298 ἄρθρων
3296 1213 3697 1295 σημαίνουσι
3734 1207 3815 1276 τὰ
3852 1208 4038 1295 γε’νη,

312 1307 461 1382 οἷον
489 1311 527 1384 6
558 1311 810 1402 ἐμόςῆ
842 1313 981 1402 ἐμή
1010 1312 1095 1382 τὸ
1127 1313 1335 1404 ἐμόν.
1377 1312 1684 1404 Ἀριθμοὶ
1711 1314 2187 1404 πρωτοτόκων,
2235 1309 2385 1385 οἷον
2425 1314 2571 1402 ἐγώ
2620 1315 2714 1385 σύ
2764 1318 3070 1396 ἐκεῖνος
3114 1315 3415 1401 λέγοντες
3452 1315 3686 1394 ἑνικῶς
3730 1315 4036 1403 λέγομεν·

313 1424 558 1502 δυεκῶς
604 1419 680 1489 δὲ
723 1423 876 1489 νῶι·
917 1425 1153 1508 σφῶϊ,
1199 1417 1352 1489 ἀντὶ
1397 1425 1521 1491 τοῦ
1564 1419 1789 1511 ἡμεῖς
1844 1426 1921 1491 οἱ
1971 1421 2117 1491 δύο
2169 1421 2281 1490 καὶ
2334 1418 2561 1508 ὑμεῖς
2618 1425 2696 1491 οἱ
2748 1422 2920 1492 δύο·
2976 1424 3445 1508 πληθυντικῶς
3490 1421 3566 1491 δὲ
3613 1415 3762 1490 οἷον
3816 1418 4040 1509 ἡμεῖς

308 1524 534 1615 ὑμεῖς
598 1530 913 1597 ἐκεῖνοι.
1015 1528 1500 1618 «Παραγώγων
1556 1528 1630 1599 δὲ
1686 1527 1978 1619 ἀριθμὸς
2032 1528 2286 1616 ἔνικός,
2354 1522 2503 1598 οἷον
2571 1527 2726 1616 ἐμός
2794 1528 2913 1611 σός
2982 1527 3086 1615 ὅς,
3152 1528 3383 1610 δυτκὸς
3438 1528 3515 1598 δὲ
3569 1529 3703 1617 ἐμώ
3761 1528 3858 1598 σώ
3914 1527 4037 1598 db·

309 1633 463 1722 ἐμώ
510 1634 633 1722 μὲν
678 1632 830 1703 ἀντὶ
874 1638 1010 1704 τῶν
1057 1634 1185 1705 δύο
1231 1639 1402 1705 υἱῶν
1448 1663 1612 1723 μου,
1668 1635 1773 1706 σώ
1821 1635 1897 1705 δὲ
1941 1633 2094 1704 άντὶ
2138 1640 2275 1705 τῶν
2319 1633 2447 1705 δύο
2493 1638 2665 1705 υἱῶν
2710 1656 2868 1722 σου,
2923 1633 2979 1705 ῶ
3032 1636 3247 1723 λέγων
3304 1633 3456 1704 ἀντὶ
3509 1639 3646 1705 τῶν
3693 1634 3821 1704 δύο
3866 1639 4039 1704 υἱῶν
4077 1654 4145 1704 10

310 1738 521 1810 αὐτοῦ
549 1743 738 1829 λέγω.
812 1740 1330 1828 «Πληθυντικὸς
1375 1745 1529 1830 ἐμοί
1560 1748 1676 1812 σοί
1706 1745 1833 1813 οἵ».
1913 1741 2213 1824 Πτώσεις
2251 1742 2326 1811 δὲ
2362 1741 2815 1828 πρωτοτύπων
2852 1740 2974 1829 μὲν
3022 1740 3237 1831 ὀρθῆς
3282 1736 3432 1811 οἷον
3482 1740 3629 1829 ἐγώ
3668 1741 4036 1829 Πλάτων,

310 1851 576 1935 γενικῆς
622 1851 811 1935 ἐμοῦ
859 1847 1318 1936 Πλάτωνος,
1376 1852 1644 1937 δοτικῆς
1690 1850 1862 1936 ἐμοὶ
1908 1848 2308 1935 Πλάτωνι,
2365 1853 2729 1936 αἰτιατικῆς
2782 1849 2910 1936 ἐμὲ
2956 1848 3373 1918 Πλάτωνα·
3427 1847 3745 1938 κλητικὴν
3792 1847 3869 1917 δὲ
3915 1846 4039 1915 οὐκ

309 1958 438 2041 ἔχει
465 1953 543 2023 τὸ
574 1958 840 2042 πρῶτον
868 1953 1253 2042 πρόσωπον,
1300 1952 1526 2036 οὐδεὶς
1560 1954 1690 2044 γὰρ
1728 1954 1972 2024 ἑαυτόν
1998 1977 2131 2023 που
2155 1964 2362 2025 καλεῖ.
2437 1957 2778 2045 Δευτέρου
2823 1956 3187 2046 προσώπου
3233 1954 3327 2025 σὺ
3354 1955 3691 2025 Πλάτων
3738 1951 3889 2023 ἀντὶ
3916 1958 4038 2023 τοῦ

309 2053 362 2129 ῶ
392 2060 755 2130 Πλάτων·
781 2066 1012 2151 τρίτου
1037 2060 1400 2151 προσώπου
1429 2064 1733 2142 ἐκεῖνος
1763 2059 1799 2130 6
1829 2061 2189 2148 Πλάτων,
2224 2063 2485 2133 ἐκείνου
2510 2068 2650 2132 τοῦ
2690 2061 3152 2149 Πλάτωνος,
3182 2065 3460 2155 ἐκείνῳ
3489 2065 3590 2130 τῶ
3632 2060 4036 2147 Πλάτωνι,

309 2169 624 2237 ἐκεῖνον
668 2167 807 2238 τὸν
852 2168 1256 2238 Πλάτωνα.
1348 2169 1503 2238 Εἰσὶ
1551 2168 1625 2238 δὲ
1678 2169 1790 2237 καὶ
1846 2169 2362 2259 μονοπρόσωποι
2423 2168 2868 2259 άντωνυμίαι,
2937 2162 3086 2239 οἷον
3143 2160 3377 2249 οὗτος
3430 2167 3721 2237 τούτου
3781 2166 4035 2260 τούτω
4078 2185 4143 2235 15

307 2278 627 2345 τοῦτον
683 2274 1136 2363 πληθυντικὰς
1182 2268 1407 2345 οὗτοι
1452 2275 1755 2344 τούτων
1798 2275 2119 2357 τούτοις
2171 2276 2511 2357 τούτους
2555 2270 2609 2347 ῶ
2657 2269 2905 2346 οὗτοι·
2961 2274 3182 2356 ἑνικὸς
3237 2273 3474 2356 αὐτός
3527 2271 3772 2344 αὐτοῦ
3829 2270 4066 2397 αὐτῷι

310 2378 582 2450 αὐτόν·
640 2381 870 2463 δυεκὸς
916 2379 1123 2451 αὐτώ
1171 2379 1450 2451 αὐτοῖν
1496 2380 1735 2452 αὐτώ·
1788 2382 2241 2469 πληθυντικὰς
2295 2382 2534 2452 αὐτοί
2580 2381 2843 2452 αὐτῶν
2899 2380 3171 2463 αὐτοῖς
3229 2378 3538 2461 αὐτούς.
3638 2380 3776 2449 Καὶ
3828 2374 4066 2449 ταῦτα

307 2487 430 2575 μὲν
476 2485 643 2575 πρὸς
689 2490 1160 2577 εἰσαγομένους
1205 2493 1488 2577 μερικῶς
1534 2492 1605 2558 ἐν
1653 2493 1913 2579 σπουδῇ
1962 2488 2356 2577 διήλθομεν·
2415 2490 2521 2558 ἐπὶ
2567 2489 2795 2569 τέλους
2843 2487 2916 2557 δὲ
2961 2492 3083 2557 τοῦ
3130 2490 3440 2575 κειμένου
3483 2489 3745 2574 τρανῶς
3789 2486 3899 2553 καὶ
3947 2483 4037 2567 ῶς

310 2596 418 2662 δεῖ
458 2597 751 2663 λέλεκται
798 2597 948 2684 περὶ
994 2593 1433 2682 άντωνυμίας.
4121 2606 4130 2615 ”

510 2762 517 2769 .
630 2704 1038 2784 [Aecuratior
1081 2705 1196 2770 illa
1240 2705 1317 2770 de
1362 2705 1850 2790 pronominibus
1888 2704 2223 2792 expositio,
2271 2704 2352 2770 ad
2399 2726 2594 2791 quam
2641 2703 2884 2769 ultimis
2929 2702 3123 2768 huius
3168 2702 3561 2789 paragraphi
3603 2702 3817 2768 verbis
3864 2701 4033 2768 delc-
4073 2718 4142 2769 20

306 2829 564 2894 gamm,
610 2810 680 2875 in
726 2809 865 2876 cod.
909 2808 974 2874 Η
1019 2811 1257 2897 legitur
1301 2834 1362 2898 p.
1376 2811 1788 2895 272-278,
1837 2811 1907 2876 in
1942 2810 2004 2876 K
2041 2832 2103 2894 p.
2140 2810 2355 2876 565—
2362 2810 2521 2895 5733
2567 2810 2638 2875 in
2674 2808 2727 2873 L
2767 2812 3010 2895 autem,
3055 2809 3127 2874 in
3173 2830 3300 2893 quo
3350 2830 3556 2895 pauca
3600 2812 3858 2874 tantum
3895 2809 4035 2874 eius

305 2915 677 3001 fragmenta
730 2938 930 3002 eaque
992 2916 1213 2982 ordine
1271 2938 1572 3004 perverso
1630 2921 1887 2983 servata
1942 2921 2121 3001 sunt,
2182 2917 2305 2982 hae
2350 2916 2659 3002 reliquiae
2716 2920 2943 2982 extant
3003 2939 3063 3000 Ρ.
3119 2916 3471 2981 234-238
3529 2919 3594 2981 et
3645 2939 3706 3001 p.
3763 2915 4037 3000 2033111

306 3019 377 3085 M
425 3021 723 3107 denique,
783 3023 994 3109 qualis
1039 3044 1211 3089 nunc
1259 3027 1358 3089 est
1401 3023 1509 3089 hic
1564 3023 1791 3109 codex,
1847 3027 1987 3089 tota
2029 3023 2376 3089 intercidit.
2460 3021 2638 3100 Quae
2681 3043 2834 3088 vero
2883 3022 2974 3087 ibi
3021 3021 3314 3108 exposita
3351 3025 3503 3086 sunt
3547 3021 3771 3106 paucis
3819 3021 4035 3086 verbis

306 3129 736 3213 adumhmho,
783 3151 929 3195 cum
973 3151 1105 3195 non
1151 3130 1350 3217 digna
1394 3130 1689 3195 videatur
1735 3130 2084 3216 disputatio
2141 3138 2335 3216 quam
2390 3134 2600 3197 totam
2654 3129 2899 3213 publici
2955 3129 3112 3194 iuris
3168 3129 3504 3194 faciamus,

1728 3284 1953 3361 ΠΕΡΪ
1993 3295 2619 3361 ἈΝΤΩΝΥΜΙΩΝ
4072 3303 4139 3353 25

634 3414 784 3479 Τῶν
829 3411 952 3498 μὲν
999 3408 1352 3499 ὀνομάτων
1397 3411 1510 3480 καὶ
1553 3416 1691 3481 τῶν
1736 3411 2052 3500 ῥημάτων
2097 3406 2139 3497 ἡ
2185 3416 2400 3491 κλίσις
2443 3411 2607 3479 κατὰ
2647 3409 3067 3481 ἀκολουθίαν
3105 3413 3337 3497 φωνῆς
3372 3410 3791 3498 προέρχεται,
3838 3408 3948 3475 καὶ
3989 3405 4031 3495 ἡ

304 3516 495 3604 ἑτέρα
530 3514 663 3586 ὑπὸ
691 3521 808 3605 τῆς
835 3518 1058 3607 ἑτέρας
1083 3524 1520 3601 κανονίζεται·
1552 3521 1627 3586 αἱ
1650 3520 1874 3606 μέντοι
1904 3516 2317 3605 ἆντωνυμίαι
2346 3523 2642 3609 σημασίᾳ
2669 3516 2842 3606 μόνῃ
2871 3520 3223 3585 ποιοῦνται
3249 3515 3375 3603 τὴν
3403 3521 3646 3601 κλίσιν,
3694 3514 3776 3584 06
3806 3516 4033 3601 μέντοι

626 3659 853 3715 DISCR.
893 3660 1041 3718 SCR.
1079 3661 1159 3716 IN
1195 3660 1545 3717 MLHRKP
1620 3661 1653 3716 l
1690 3657 2004 3730 προσώπων
2032 3675 2140 3715 om.
2183 3660 2241 3713 P
2277 3661 2286 3728 Ι
2327 3661 2498 3715 δεικτ.
2539 3675 2645 3715 om.
2675 3658 2802 3713 KP
2833 3658 2842 3733 Ι
2882 3658 2947 3715 δὲ
2977 3675 3084 3715 om.
3120 3658 3177 3712 P
3212 3662 3222 3729 Ι
3263 3653 3350 3729 άρ.
3381 3653 3542 3728 πρόσ.
3570 3656 3707 3728 γένη
3735 3659 3947 3727 transp.
3982 3655 4039 3709 P

308 3749 324 3817 ΙΙ
361 3747 398 3802 2
436 3749 562 3817 εἴδη
599 3748 698 3803 καὶ
735 3751 1006 3818 συζυγίαι.
1079 3744 1447 3819 πρωτότυπον
1483 3747 1589 3821 μὲν
1625 3746 1926 3817 πρόσωπον
1963 3745 2085 3805 οἷον
2122 3745 2305 3804 εἰπεῖν
2343 3744 2454 3818 ἐγώ
2492 3744 2561 3803 σύ
2601 3749 2648 3818 ἴ,
2684 3743 2814 3803 ἀντὶ
2839 3747 2896 3803 R
2928 3751 2938 3818 Ι
2975 3749 3028 3820 ἴ]
3068 3744 3299 3811 ἐκεῖνος.
3342 3742 3449 3817 ἐγώ
3487 3748 3554 3802 Η
3573 3749 3594 3818 ΙΙ
3619 3746 3656 3801 3
3692 3741 4033 3814 παράγωγον

308 3837 521 3892 MLH
545 3841 553 3905 1
586 3836 897 3907 προσώπων
926 3855 1033 3895 om.
1062 3839 1192 3894 KP
1213 3841 1234 3908 ΙΙ
1259 3838 1297 3894 4
1332 3834 1436 3896 ὁπ’
1468 3834 1620 3911 αῦτ.]
1659 3833 1761 3893 ἀπ’
1803 3829 1925 3894 αὗτ.
1956 3839 2031 3904 K,
2072 3831 2165 3893 ἐπ’
2197 3832 2322 3893 αῦτ.
2349 3836 2425 3905 R,
2463 3831 2680 3893 ἕαυτῶν
2713 3836 2770 3890 P
2797 3840 2808 3907 Ι
2838 3833 2900 3909 ἡ]
2932 3834 2999 3892 αἴ
3022 3836 3166 3904 ML,
3199 3832 3228 3892 ἕ
3254 3835 3397 3906 HR,
3426 3853 3535 3893 om.
3566 3834 3631 3889 Κ
3639 3835 3736 3903 ΡΙΙ
3763 3835 3799 3891 5
3827 3829 4032 3888 άντων.

306 3924 661 3996 πρωτότυποι
701 3948 841 3996 φων.
879 3928 946 3982 K
989 3929 998 4000 Ι
1046 3931 1177 3998 post
1219 3923 1349 3984 οὔτε
1386 3929 1538 3999 θῆλυ
1574 3927 1701 3983 add.
1740 3922 1871 3983 οὕτε
1911 3924 2212 3997 οὐδέτερον
2249 3925 2402 3996 HR,
2447 3921 2784 3996 άσύναρθρα
2822 3922 2933 3997 γάρ
2971 3923 3078 3981 εἰσι
3115 3926 3180 3979 Κ
3224 3926 3232 3996 Ι
3283 3927 3453 3981 δεικτ.
3494 3954 3563 3966 -
3597 3924 3750 3992 θῆλυ
3788 3940 3896 3978 om.
3937 3927 3983 3976 P
4015 3924 4030 3993 ‚J

306 4015 344 4070 6
381 4019 511 4086 post
549 4011 851 4086 οὐδέτερον
888 4016 1014 4073 add.
1055 4015 1176 4072 οἷον
1214 4013 1324 4087 ἐγὼ
1364 4013 1394 4072 6
1435 4012 1740 4086 ἄνθρωπος
1776 4016 1873 4072 καὶ
1910 4013 1943 4087 ἡ
1983 4014 2142 4087 γυνή.
2200 4013 2268 4072 σὺ
2307 4012 2338 4071 6
2377 4011 2685 4085 ἄνθρωπος
2721 4014 2818 4071 καὶ
2854 4010 2890 4084 ὴ
2929 4009 3072 4084 γυνὴ
3103 4015 3182 4082 K,
3218 4015 3376 4070 «τῶν
3413 4010 3479 4069 δὲ
3516 4009 3868 4083 παραγώγων
3908 4010 4031 4066 οἷον

306 4099 336 4159 6
377 4100 513 4176 ἐμός
548 4101 584 4175 ἡ
624 4102 730 4176 ἐμή
768 4101 831 4160 τὸ
872 4100 1056 4177 ἐμόν»
1095 4106 1198 4175 ΚΙΙ
1237 4106 1266 4162 7
1308 4101 1467 4177 άριθ.
1505 4137 1577 4149 ·-
1611 4105 1847 4177 λέγομεν
1883 4122 1991 4162 om.
2030 4106 2096 4160 K
2120 4110 2129 4174 Ι
2162 4101 2229 4161 σὺ
2270 4107 2301 4160 ἴ
2329 4100 2409 4160 ἐκ.
2454 4104 2545 4173 ΡΙ
2576 4104 2834 4174 λέγοντες
2871 4107 2929 4160 et
2964 4102 3201 4175 λέγομεν
3239 4119 3348 4159 om.
3388 4101 3515 4156 HR
3561 4103 3582 4171 ΙΙ
3626 4100 3662 4156 8
3698 4095 3822 4156 νόει
3860 4096 4030 4169 σφόει

307 4193 437 4247 ML
470 4197 480 4262 Ι
510 4214 558 4250 ν.
599 4195 750 4265 σφῶϊ
784 4196 939 4265 σφῶε
978 4194 1105 4249 HR
1136 4198 1146 4265 Ι
1176 4196 1346 4265 πληθ.
1385 4192 1449 4251 δὲ
1490 4193 1635 4267 οἷον]
1675 4195 1773 4250 καὶ
1811 4191 2020 4250 ἐκεῖνοι
2057 4192 2116 4249 οἱ
2148 4191 2256 4249 δύο
2285 4193 2413 4248 HR
2438 4194 2459 4263 ΙΙ
2484 4193 2522 4249 9
2558 4189 2719 4264 ὑμεῖς
2757 4199 2923 4262 σφεῖς
2957 4190 3244 4248 τουτέστιν
3284 4187 3362 4246 ἐκ.
3393 4191 3458 4245 Κ
3466 4191 3559 4260 ΡΙ
3594 4186 3827 4262 ἐκεῖνοι]
3868 4196 4033 4260 σφεῖς

307 4281 435 4336 HR
464 4281 473 4356 Ι
507 4278 817 4353 παράγωγα
843 4282 949 4353 μὲν
979 4280 1140 4340 ἑνικὰ
1171 4278 1306 4355 ἐμός
1333 4280 1429 4346 σός
1457 4277 1548 4354 ὅς,
1584 4280 1753 4339 δυϊκά
1784 4279 1898 4354 ἐμώ
1933 4284 2030 4354 ΡΙΙ
2058 4283 2132 4339 10
2158 4281 2360 4354 λέγων]
2400 4279 2649 4352 λέγωμεν
2678 4281 2742 4349 P,
2782 4299 2890 4336 om.
2921 4282 2986 4335 K
3005 4283 3026 4351 ΙΙ
3054 4280 3123 4335 11
3160 4278 3328 4353 λέγω]
3368 4278 3520 4349 λέγει
3546 4279 3625 4349 Η,
3654 4296 3761 4334 om.
3792 4278 3858 4349 P,
3887 4276 4029 4348 λέγω

308 4366 378 4440 δὴ
421 4366 643 4427 ἐκείνου
681 4372 746 4426 K
772 4374 782 4443 Ι
814 4370 934 4428 οἷον
972 4367 1081 4443 ἐγώ
1119 4403 1191 4414 --
1226 4368 1505 4428 Πλάτωνα
1542 4376 1615 4441 (v.
1654 4373 1773 4445 15)]
1815 4370 1923 4443 ἐγώ
1962 4369 2031 4428 σῦ
2069 4373 2106 4428 ἴ.
2145 4369 2340 4442 γενικὴ
2380 4367 2522 4442 ἐμοῦ
2570 4370 2670 4426 σοῦ
2721 4362 2806 4427 06.
2845 4366 3039 4440 δοτικὴ
3093 4366 3226 4440 ἐμοί
3255 4371 3350 4425 σοί
3381 4369 3450 4423 οἴ.
3508 4364 3789 4436 αίτιατικὴ
3831 4362 3930 4438 ἐμέ
3969 4365 4032 4423 σέ

308 4460 351 4518 ἓ.
393 4458 625 4532 κλητικὴ
673 4458 759 4516 σῦ.
818 4458 926 4532 ἐγώ
973 4459 1190 4532 νήφων.
1246 4459 1441 4532 γενικὴ
1491 4458 1631 4533 ἐμοῦ
1678 4460 1959 4533 νήφωνος.
2017 4456 2211 4531 δοτικὴ
2261 4456 2385 4531 ἐμοὶ
2430 4455 2689 4533 νικολάφ.
2747 4455 2975 4528 κλητικὴ
3021 4454 3085 4513 τὸ
3133 4457 3356 4528 πρῶτον
3400 4453 3701 4527 πρόσωπον
3749 4451 3859 4512 οῦκ
3898 4454 4030 4526 ἔχει.

307 4545 498 4614 οὐδεὶς
532 4546 640 4621 γὰρ
678 4546 858 4607 αὐτὸν
894 4556 1070 4607 καλεῖ.
1129 4550 1416 4621 Δευτέρου
1452 4548 1772 4622 προσώπου.
1829 4546 1976 4621 ὀρθὴ
2017 4546 2085 4606 σύ
2125 4547 2370 4606 νικόλαε.
2418 4545 2613 4620 γενικὴ
2652 4549 2754 4604 σοῦ
2791 4545 3037 4603 νικόλαε.
3085 4544 3280 4617 δοτικὴ
3322 4546 3409 4603 σοὶ
3445 4542 3708 4620 νικολάφ.
3747 4539 4031 4614 αἰτιατικὴ

306 4638 367 4695 σὲ
408 4637 652 4697 νικόλαε.
690 4638 918 4744 κλητικὴ
958 4632 1002 4696 ώ
1041 4637 1108 4696 σὺ
1146 4636 1391 4697 νικόλαε.
1429 4643 1616 4711 τρίτου
1646 4638 1965 4711 προσώπου.
2012 4636 2208 4710 γενικὴ
2239 4634 2463 4695 ἐκείνου
2502 4638 2601 4694 τοῦ
2639 4632 2923 4693 νικολάου.
2963 4633 3158 4706 δοτικὴ
3202 4631 3404 4708 ἐκείνῳ
3441 4635 3516 4711 τῶ
3544 4629 3806 4706 νικολάφ.
3846 4632 4030 4688 αἴτια·

304 4724 431 4798 τικὴ
473 4725 694 4784 ἐκεῖνον
730 4724 832 4784 τὸν
867 4725 1151 4787 νικόλαον.
1226 4724 1638 4800 «Παραγώγων
1674 4727 1739 4784 δὲ
1779 4724 2011 4785 εὐθεῖαι
2048 4724 2183 4799 ἐμός
2219 4723 2316 4791 σός
2351 4723 2442 4796 ὅς,
2482 4724 2621 4799 ἐμοῦ
2662 4728 2764 4783 σοῦ
2803 4717 2903 4796 06,
2941 4721 3056 4801 ἐμῷ
3095 4727 3171 4798 σῷ
3210 4716 3286 4800 ᾦ,
3325 4721 3465 4797 ἐμόν
3503 4721 3605 4780 σόν
3642 4744 3727 4780 ον.
3776 4718 4030 4793 σχήματα

305 4812 413 4873 δύο
452 4849 518 4859 -
556 4813 913 4890 άσύναρθροι
950 4818 1053 4890 μὲν
1092 4817 1215 4875 οἷον
1253 4814 1362 4890 ἐγώ
1401 4814 1468 4874 σύ
1507 4819 1555 4885 ἴ,
1593 4814 1907 4887 σῦναρθροι
1944 4816 2010 4873 δὲ
2049 4816 2172 4873 οἷον
2208 4811 2239 4872 6
2279 4818 2454 4881 αἴας»
2494 4817 2593 4887 ΡΙΙ
2620 4816 2694 4871 18
2731 4815 2868 4888 που]
2906 4835 3007 4871 του
3039 4816 3115 4870 Μ
3120 4815 3196 4883 L
3235 4832 3344 4871 om.
3382 4814 3509 4869 HR
3522 4815 3587 4870 K
3623 4818 3635 4885 Ι
3682 4808 3809 4868 αντὶ
3844 4810 3944 4865 τοῦ
3987 4800 4031 4864 ῶ

307 4910 409 4963 HJ..
445 4925 552 4962 om.
583 4907 648 4962 K
667 4909 688 4977 ΙΙ
714 4907 790 4963 14
817 4909 1004 4976 τρίτου
1035 4939 1100 4949 -
1134 4903 1374 4963 Πλάτων
1401 4924 1509 4963 om.
1541 4909 1596 4962 R
1622 4910 1643 4978 ΙΙ
1670 4905 1743 4962 15
1773 4904 1894 4961 οἷον
1921 4937 1991 4947 -
2019 4901 2252 4978 αὐτούς]
2286 4905 2410 4962 οἷον
2437 4901 2587 4976 ὀρθὴ
2618 4895 2798 4969 οὗτος.
2839 4902 3034 4975 γενικὴ
3065 4902 3285 4961 τοῦτου.
3316 4901 3510 4974 δοτικὴ
3543 4897 3713 4974 αὐτῷ.
3745 4894 4027 4968 αἱτιατικὴ

305 4990 499 5053 αὐτόν.
541 4992 736 5061 δυϊκός
772 4992 927 5053 αὐτώ
965 4993 1180 5054 αῦτοιν.
1236 4992 1621 5066 πληθυντικὸς
1658 4991 1866 5052 εῦθεῖα
1905 4991 2083 5051 αὖτοί.
2123 4991 2317 5065 γενικὴ
2358 4989 2561 5051 αὐτῶν.
2616 4989 2810 5063 δοτικὴ
2852 4988 3061 5059 αὐτοῖς.
3114 4988 3395 5062 αἰτιατικὴ
3436 4986 3645 5053 αὐτούς
3686 4990 3744 5043 Ρ
3789 4992 3797 5058 Ι
3847 4986 4029 5061 τούτῳ

306 5102 415 5141 om.
444 5085 500 5140 R
524 5089 545 5157 ΙΙ
572 5086 648 5142 16
683 5088 913 5157 τοῦτον,
950 5078 994 5141 ώ
1030 5077 1208 5150 οὗτος.
1258 5082 1494 5150 α’ττικῶς
1532 5081 1701 5140 δυϊκά
1740 5080 1916 5141 τούτω
1955 5081 2182 5140 τούτοιν
2219 5084 2308 5153 ΡΙ
2341 5083 2541 5139 τοῦτον
2579 5100 2687 5139 om.
2732 5082 2804 5138 Μ
2809 5081 2861 5136 L
2899 5086 2918 5153 ΙΙ
2955 5082 3025 5138 17
3068 5077 3245 5138 αὐτόν
3283 5076 3458 5142 αῦτός
3495 5077 3551 5134 R
3581 5080 3591 5148 Ι
3632 5079 3835 5148 poster.
3874 5070 4029 5131 αὐτώ

305 5189 414 5229 om.
453 5174 589 5230 HK
608 5177 629 5245 ΙΙ
657 5174 731 5230 18
767 5171 908 5245 πρὸς
946 5173 1148 5248 είσαγ.]
1187 5173 1610 5247 προσηγμένους
1646 5175 1734 5246 Η,
1771 5172 2150 5246 προσειγμένα
2186 5174 2244 5229 R

3573 5263 3604 5312 6
