4809 5959
1951 482 2383 548 -25-

301 650 567 744 λὸγός,
623 652 920 743 δόλῖὄς,
976 650 1437 745 φῖλὸσὸφός.
1469 696 1551 708 -
1584 664 1842 726 Δασεῖα
1891 655 2114 725 ἐπάνω
2162 659 2299 725 τῶν
2345 653 2630 745 ἄρθρων
2678 654 2714 727 ὁ
2764 660 2869 743 οἱ,
2923 656 2965 746 ἡ
3021 662 3125 726 αι’·
3180 660 3291 728 καὶ
3338 660 3443 728 ἐπὶ
3491 657 3844 749 ὀνομάτων
3891 660 4022 730 ἀπὸ

303 765 712 851 φωνηέντων
765 762 1189 853 ἀρχομένων,
1246 758 1395 832 οἷον
1449 766 1711 848 ἵππος,
1765 760 2066 851 ὑδρεία.
2174 761 2360 850 Ψιλὴ
2420 761 2685 849 ἄλλος,
2742 762 2977 852 ὅχθα,
3035 764 3178 835 οὐκ
3234 763 3492 852 εἶπον,
3549 764 3688 856 οὐχ
3746 765 4026 854 οὕτως,

304 866 446 937 οὐκ
489 874 736 956 ἐστιν,
790 865 834 957 ἢ
884 871 1256 939 ἐναντίον
1312 867 1354 956 ἢ
1411 869 1684 938 καλόν·
1737 870 1850 938 καὶ
1897 869 2001 938 ἐπὶ
2048 870 2466 957 προθέσεως,
2525 865 2674 940 οἷον
2731 876 2845 957 ἔν,
2904 874 3010 957 ἔξ,
3067 881 3207 959 εἷς,
3264 875 3346 942 ἐν
3398 872 3654 957 πόλει,
3713 875 3788 955 ἐξ
3844 870 4027 961 ὁμο-

301 979 612 1062 λογίας,
660 979 772 1057 εἰς
818 972 1069 1044 οἶκον·
1113 976 1225 1044 καὶ
1255 976 1685 1063 δασυνόμενα
1714 976 1788 1045 δὲ
1826 973 2129 1063 ἀριθμὸν
2167 989 2374 1062 ποιεῖ,
2423 977 2537 1063 ἓν,
2593 977 2700 1063 ἕξ,
2757 970 2885 1058 εἷς.
2918 974 3112 1046 —‘H
3148 976 3574 1068 άπόστροφος
3618 977 3770 1048 ἀντὶ
3815 985 3937 1049 τοῦ
3983 991 4027 1049 ἀ·

299 1079 345 1168 ἤ
381 1079 533 1150 ἀντὶ
579 1086 701 1152 τοῦ
742 1092 777 1150 ’ἑ
825 1078 867 1170 ἢ
915 1080 1067 1151 άντὶ
1111 1085 1235 1151 τοῦ
1282 1098 1336 1167 ῐ,
1394 1075 1545 1151 οἷον
1591 1079 1711 1169 ἄρ’
1764 1079 2044 1167 οὕτως,
2092 1078 2258 1150 ἀλλ’
2311 1082 2522 1170 ἐμός,
2570 1081 2735 1152 ἀλλ’
2789 1088 3002 1171 ἴδον,
3061 1081 3221 1154 οὔτ’
3275 1089 3454 1154 ἴδον
3503 1084 3662 1154 οὔτ’
3723 1084 4024 1173 ἤκουσα
4064 1108 4098 1156 5

298 1188 552 1277 (hymn.
598 1192 667 1257 in
711 1191 905 1258 Mete.
950 1192 1081 1258 263
1095 1191 1177 1279 5²).
1258 1185 1349 1257 ‘H
1392 1187 1568 1277 ὑφὶν
1611 1195 1899 1275 τίθεται,
1968 1186 2077 1257 ὅτε
2128 1188 2255 1258 δύο
2302 1191 2509 1273 λέξεις
2563 1194 2656 1271 είς
2704 1197 2866 1277 μίαν
2904 1192 3370 1280 συνέρχονται,
3418 1186 3568 1261 οἷον
3604 1192 4025 1283 Θεόδοτος,

300 1291 821 1383 άρχιέοιμήν,
885 1292 1548 1384 άρχρςτρατηγός,
1603 1300 2020 1384 φίλαρχος,
2084 1295 2678 1384 φιλάνθρωπος.
2777 1294 2867 1365 ‘H
2912 1293 3367 1384 ὑποδιαστολὴ
3433 1303 3689 1367 τίθεται
3756 1301 4026 1368 ἐναντία

299 1404 380 1489 τῇ
417 1397 618 1489 ὑφέν·
665 1404 781 1489 τῆς
817 1398 945 1489 γὰρ
982 1398 1159 1490 ὑφὲν
1188 1404 1652 1488 συναπτούσης
1687 1399 1767 1469 τὰ
1806 1405 2141 1471 δοκοῦντα
2180 1412 2655 1492 συναιρεῖσθαι
2691 1400 2734 1490 ἡ
2775 1400 3229 1491 ὑποδιαστολὴ
3267 1410 3556 1493 χωρίζει,
3605 1409 4025 1492 ἔστι,νοῦς·

302 1505 731 1594 ἔστιν,οῦς·
778 1508 1698 1595 Κωνσταντίνου,πόλις·
1744 1514 2002 1578 τίθεται
2048 1510 2159 1577 καὶ
2197 1506 2350 1578 ἀντὶ
2388 1507 2801 1597 ὖποστιγμῆς
2834 1507 3148 1580 ὑποκάτω
3184 1515 3306 1580 τοῦ
3337 1511 3618 1599 ἐσχάτου
3643 1512 4027 1601 γράμματος

297 1613 496 1701 μήπω
541 1615 1065 1704 πεπληρωμένον
1108 1620 1231 1684 τοῦ
1277 1615 1627 1702 νοήματος.
4067 1640 4133 1689 ιο

673 1860 1029 1950 ΣΧόΛιΑ
1075 1861 1275 1950 ΣῨΝ
1313 1868 1542 1950 ΘΕΩΙ
1586 1851 1755 1950 ΕῘΣ
1801 1859 1920 1949 TA
1965 1860 2668 1950 ΠΡοΛΕΓόΜΕΝΑ
2719 1870 2912 1951 ΤιὶΣ
2951 1889 3349 1952 ΓΡΑΜΜΑ
3357 1870 3658 1953 mrim

2089 2047 2129 2126 ς
2180 2046 2235 2110 1.

1712 2179 1931 2257 112121
1982 2186 2633 2257 ΙῬΑΜΜΛΤΙΚὴΣ

618 2325 1091 2415 «Γραμματική
1140 2329 1320 2394 ἐστιν
1367 2326 1668 2413 ἐμπειρία
1712 2330 1848 2397 τῶν
1893 2325 2074 2414 παρὰ
2121 2339 2425 2413 ποιηταῖς
2468 2352 2538 2395 τε
2583 2328 2694 2394 καὶ
2741 2331 3246 2413 συγγραφεῦσιν
3255 2353 3307 2395 ».
3401 2326 3599 2414 Παρὰ
3656 2333 3726 2395 τί
3767 2329 4022 2415 λέγεται

296 2432 750 2521 γραμματική,
812 2432 925 2501 καὶ
988 2437 1059 2500 τί
1109 2434 1288 2500 ἐστιν
1345 2435 1678 2519 ἐμπειρία,
1740 2433 1853 2501 καὶ
1907 2439 2083 2513 τίνες
2136 2436 2208 2500 οί
2258 2439 2558 2520 ποιηταί,
2622 2433 2734 2501 καὶ
2788 2440 2964 2514 τίνες
3020 2436 3091 2502 ol*
3140 2447 3578 2521 συγγραφεῖς,
3642 2435 3753 2502 καὶ
3817 2441 3886 2502 τί
3941 2433 4019 2503 τὰ
4065 2458 4131 2507 15

297 2537 633 2628 ποιήματα
648 2590 667 2623 ,
722 2539 834 2606 καὶ
879 2544 949 2606 τί
987 2537 1066 2606 τὰ
1116 2537 1626 2626 συγγράμματα;
1681 2543 1857 2608 Θεοῦ
1904 2544 2395 2627 συνεργοῦντος
2449 2537 2973 2626 ἀπολογούμεθα
3027 2541 3179 2629 περὶ
3223 2540 3501 2610 τούτων.
3593 2539 4024 2630 Γραμματικὴ

298 2647 558 2733 λέγεται
605 2644 717 2715 διὰ
764 2644 840 2714 τὸ
889 2646 1113 2732 τήκειν
1158 2643 1270 2712 καὶ
1314 2651 1671 2732 καθαίρειν
1714 2644 1795 2714 τὰ
1839 2645 2219 2733 γράμματα·
2266 2644 2489 2733 ὥσπερ
2534 2645 2666 2735 γὰρ
2704 2644 2741 2714 ὁ
2781 2643 3027 2734 χρυσὸς
3062 2646 3426 2734 τηκόμενος
3461 2644 3593 2716 ὑπὸ
3631 2651 3754 2716 τοῦ
3792 2648 4024 2735 πυρός,

297 2753 594 2821 τουτέστι
631 2750 1121 2839 χωνευόμενος,
1158 2750 1630 2838 καθαρώτερος
1664 2750 2138 2840 ἀναφαίνεται,
2177 2750 2352 2821 οὕτω
2389 2754 2503 2822 καὶ
2538 2751 2620 2821 τὰ
2658 2751 3010 2841 γράμματα
3046 2753 3379 2840 τηκόμενα
3414 2754 3526 2821 καὶ
3562 2753 4027 2841 καθαιρόμενα

295 2861 408 2928 καὶ
456 2858 980 2948 λαμπρυνόμενα
1025 2855 1156 2926 ὑπὸ
1206 2862 1321 2945 τῆς
1364 2858 1675 2945 γνώσεως
1719 2863 1836 2947 τῆς
1889 2863 2345 2948 γραμματικῆς
2399 2859 2823 2947 λαμπρότερα
2876 2859 2987 2927 καὶ
3050 2859 3450 2947 φαεινότερα
3514 2858 4027 2948 ἀναφαίνονται.

290 2964 634 3054 Ἐμπειρία
672 2964 747 3034 δὲ
783 2965 1037 3052 λέγεται
1084 2964 1241 3033 ποτε
1285 2964 1409 3052 μὲν
1456 2963 1497 3052 ἡ
1546 2964 1791 3053 ἄλογος
1835 2970 2112 3054 γνῶσις,
2159 2965 2319 3034 ποτὲ
2367 2966 2442 3035 δὲ
2486 2967 2597 3034 καὶ
2641 2965 2684 3054 ἡ
2733 2962 2847 3035 διὰ
2894 2965 3103 3053 λόγου
3145 2971 3411 3055 γνῶσις.
3493 2965 3583 3035 Ἡ
3619 2967 3742 3055 μὲν
3780 2966 4024 3053 ἄλογος
4061 2991 4130 3040 20

297 3077 545 3159 γνῶσις
596 3076 989 3161 γινώσκεται
1030 3069 1272 3155 οὕτως,
1321 3069 1412 3153 ὥς
1458 3070 1620 3141 ὅταν
1665 3100 1765 3154 τις
1808 3072 2019 3160 ῥόδον
2073 3070 2494 3160 θεασάμενος
2547 3075 2784 3161 πέρυσι
2830 3067 2872 3158 ἢ
2919 3073 3285 3161 προπέρυσι
3332 3069 3374 3159 ἢ
3422 3073 3532 3140 καὶ
3580 3071 3707 3160 πρὸ
3754 3077 4024 3142 πολλῶν

295 3179 596 3270 χρόνων,
644 3182 715 3248 ἐκ
752 3178 963 3267 μόνης
1006 3183 1123 3265 τῆς
1168 3175 1465 3265 ὁράσεως
1507 3181 1619 3248 καὶ
1666 3178 2058 3268 ὀσφρήσεως
2101 3176 2267 3246 ἄνευ
2312 3178 2522 3269 λόγου
2569 3184 3000 3260 διδασκαλίας
3045 3180 3355 3265 γινώσκει
3403 3178 3526 3267 τὴν
3573 3177 3866 3249 εὐωδίαν
3912 3182 4024 3249 καὶ

298 3290 843 3374 ἐρυθραίνουσαν
869 3283 1109 3375 χροιὰν
1137 3281 1371 3371 αὐτοῦ,
1408 3287 1519 3353 καὶ
1548 3286 1668 3355 ἐὰν
1698 3288 2037 3374 ἐρωτηθῇ,
2073 3282 2289 3353 πόθεν
2319 3287 2392 3354 ἐν
2421 3283 2601 3378 αὐτῷ
2635 3281 2676 3372 ἡ
2705 3284 2979 3371 τοιαύτη
3013 3282 3264 3354 εὐωδία
3290 3286 3402 3354 καὶ
3429 3284 3471 3374 ἡ
3502 3285 3686 3373 βαφὴ
3716 3283 4022 3375 ὑπάρχει,

299 3391 384 3462 οῦ
432 3392 716 3462 δύναται
762 3391 874 3460 διὰ
921 3390 1131 3479 λόγου
1176 3395 1610 3473 διδασκαλίας
1652 3389 2134 3480 ἀποκριθῆναι·
2180 3388 2264 3460 οὐ
2308 3390 2440 3478 γὰρ
2488 3396 2660 3478 ἔγνω
2705 3388 2781 3460 τὸ
2818 3395 3131 3461 τοιοῦτον
3169 3389 3344 3461 εἶναι
3390 3390 3523 3461 ὑπὸ
3566 3397 4021 3479 διδασκαλίας,

297 3497 447 3568 ἀλλ’
501 3502 573 3569 ἐκ
617 3498 826 3587 μόνης
869 3503 986 3587 τῆς
1032 3496 1426 3586 ὀσφρήσεως
1470 3500 1582 3566 καὶ
1627 3504 1742 3587 τῆς
1789 3496 2101 3587 ὁράσεως.
2193 3495 2376 3585 Αὕτη
2425 3499 2679 3584 λέγεται
2725 3497 2972 3586 ἄλογος
3003 3504 3271 3586 γνῶσις.
3347 3497 3603 3589 Λογικὴ
3654 3500 3728 3568 δὲ
3772 3505 4022 3587 γνῶσίς
4060 3523 4128 3573 25

300 3609 505 3691 ἐστιν,
541 3603 628 3693 ἣν
666 3605 779 3674 διὰ
817 3606 1028 3693 λόγου
1064 3603 1554 3693 διδασκόμεθα,
1603 3598 1752 3676 οἷον
1788 3600 2247 3694 γραμματικὴν
2285 3602 2408 3690 μὲν
2444 3605 2556 3671 καὶ
2592 3603 2710 3685 τὰς
2736 3612 3237 3693 παραπλησίους
3263 3608 3497 3695 τέχνας
3522 3607 3633 3674 καὶ
3664 3606 4021 3695 ἐπιστήμας

299 3713 786 3801 διδασκόμεθα·
843 3710 1010 3799 αῦτη
1068 3711 1145 3781 δὲ
1198 3711 1454 3798 λέγεται
1501 3711 1733 3799 λογικὴ
1790 3716 2067 3799 γνῶσις,
2131 3707 2172 3797 ἡ
2231 3707 2342 3778 διὰ
2408 3708 2619 3797 λόγου
2681 3713 3098 3781 διδασκαλία.
3183 3711 3335 3781 Δύο
3400 3718 3636 3782 τοίνυν
3700 3713 4019 3800 γνώσεων

300 3822 669 3907 λεχθεισῶν
717 3817 821 3887 ἐπὶ
867 3822 983 3904 τῆς
1028 3820 1394 3905 ἐμπειρίας,
1450 3813 1705 3904 ἀλόγου
1749 3818 1858 3885 καὶ
1907 3821 2207 3904 λογικῆς,
2262 3816 2386 3903 τὴν
2433 3815 2710 3904 λογικὴν
2757 3817 3011 3904 νόησον
3056 3819 3275 3904 λέγειν
3321 3816 3441 3888 τὸν
3491 3818 3866 3889 Διονύσιον
3915 3820 4020 3889 ἐπὶ

297 3930 413 4012 τῆς
458 3928 929 4015 γραμματικῆς.

619 4031 995 4118 «Ποιηταὶ»
1033 4033 1114 4100 δέ
1142 4036 1314 4100 εἰσιν
1343 4029 1659 4119 Ὅμηρος,
1703 4028 2213 4119 Ἀριστοφάνης,
2259 4030 2647 4119 Θεόκριτος,
2688 4029 3016 4117 Ἀλκαῖος,
3063 4036 3436 4121 Πίνδαρος,
3476 4028 3816 4117 Ἡσίοδος,
3858 4030 4020 4103 '160—
4058 4061 4128 4110 30

298 4137 574 4226 κράτης,
611 4134 1014 4226 Εὐριπίδης,
1060 4141 1511 4224 Θουκυδίδης,
1564 4142 1959 4224 Φωκυλίδης
2001 4138 2112 4206 καὶ
2160 4141 2231 4207 os
2271 4137 2493 4207 λοιποὶ
2541 4136 2616 4206 δὲ
2661 4137 2903 4218 πάντες
2948 4144 3243 4225 ποιηταί·
3291 4152 3784 4226 «συγγραφεῖς»
3832 4139 3908 4208 δὲ
3955 4143 4026 4209 οί

549 4332 777 4389 DISCB..
816 4331 965 4387 SCR.
1004 4332 1081 4387 IN
1117 4332 1224 4388 LH
1282 4333 1311 4387 7
1353 4328 1598 4403 άρχιστρ.
1630 4364 1695 4374 --
1726 4328 2019 4403 φιλάνθρ.]
2047 4333 2146 4389 καὶ
2174 4332 2337 4401 ἔτερα
2362 4335 2597 4389 πλείονα
2626 4333 2694 4387 H
2717 4333 2727 4405 Ι
2758 4326 2820 4403 ἡ]
2852 4328 2974 4387 ἐνεῐ
2997 4331 3075 4403 (l.
3105 4328 3287 4404 ἑνοῖ).
3314 4329 3350 4402 ἡ
3381 4331 3444 4388 δὲ
3475 4333 3546 4388 H
3552 4337 3583 4404 ‘ss
3609 4333 3646 4389 8
3678 4334 3918 4405 χωρίζει]
3950 4331 4020 4389 τὰ

299 4422 589 4478 δοκοῦντα
624 4417 886 4491 ἡνῶσθαι
916 4423 1144 4492 διαιρεῖ,
1171 4421 1295 4477 οἷον
1322 4423 1391 4477 H
1408 4426 1430 4493 ss
1454 4424 1492 4478 9
1521 4419 2132 4491 Κωνσταντίνου,πόλις
2158 4438 2263 4477 om.
2294 4422 2357 4476 H
2384 4423 2396 4491 Ι
2427 4422 2651 4476 τίθεται
2676 4421 2799 4492 καὶ]
2829 4415 3035 4492 ὁμοίως
3060 4421 3287 4476 τίθεται
3306 4420 3373 4475 Η
3391 4423 3412 4492 Ι
3441 4420 3514 4477 10
3541 4418 3732 4494 μήπω]
3762 4418 3950 4494 μήμου
3970 4423 4022 4476 L

619 4527 851 4584 DISCB.
889 4528 1037 4584 SCR.
1068 4528 1143 4583 IN
1174 4529 1345 4584 ΕΗΒ
1384 4529 1455 4585 ll
1494 4508 1778 4586 ΣΧὸΔΙΑ
1809 4560 1876 4572 —-
1907 4512 2470 4584 ΓΡΑΜΜΑΤΙΚῘΙΣ
2492 4526 2611 4598 (18)
2640 4544 2748 4584 om.
2769 4526 2896 4582 ΗΒ
2922 4530 2942 4597 ΙΙ
2971 4525 3044 4582 18
3072 4526 3129 4581 in
3156 4545 3330 4599 marg.
3364 4544 3532 4584 manu
3563 4531 3769 4585 recent.
3806 4534 4020 4600 Γεωρ·

297 4621 452 4687 γίου
490 4618 958 4691 Χοιροβοσκοῦ
996 4618 1053 4673 Β
1094 4621 1117 4688 ss
1162 4617 1236 4674 14
1273 4620 1333 4673 τί
1365 4614 1515 4674 ἐστιν
1552 4614 1934 4690 γραμματική;
1971 4614 2324 4690 γραμματική
2363 4614 2516 4674 ἐστιν
2552 4617 2608 4672 Β
2657 4620 2667 4686 Ι
2716 4620 2846 4689 post
2881 4616 3301 4687 συγγραφεῦσιν
3338 4616 3466 4672 add.
3515 4611 3590 4681 ὥς
3635 4612 3729 4673 ἐπὶ
3775 4615 3838 4674 τὸ
3877 4614 4019 4673 πολὺ

297 4704 616 4775 λεγομένων
653 4702 979 4777 (λεγόμενον
1016 4706 1091 4778 Β)
1131 4707 1255 4763 HR
1287 4711 1297 4776 Ι
1328 4703 1483 4778 παρὰ
1519 4711 1580 4763 τί
1607 4706 1749 4782 λέγ.]
1786 4711 1846 4763 τί
1879 4703 1996 4764 ἔστι
2031 4706 2101 4761 H
2117 4709 2137 4778 ΙΙ
2166 4706 2240 4762 16
2278 4708 2429 4764 Θεοῦ
2468 4739 2536 4749 -
2573 4702 2788 4762 τούτων
2826 4696 2947 4761 om.'
2973 4705 3043 4760 H
3059 4708 3080 4777 ΙΙ
3108 4705 3182 4761 18
3217 4701 3629 4778 ἀναφαίνεται]
3668 4701 4019 4776 ἀναφέρεται

172 4830 179 4836 -
296 4794 354 4849 Β
385 4797 396 4863 Ι
427 4793 523 4848 καὶ
559 4794 818 4867 καθαιρ.]
856 4794 954 4850 καὶ
991 4792 1343 4867 χονευόμενα
1370 4792 1549 4866 ἤγουν
1578 4799 1809 4866 καθαιρ.
1838 4797 1894 4852 Β
1919 4799 1941 4867 ΙΙ
1968 4796 2042 4852 19
2069 4794 2168 4852 καὶ
2192 4792 2635 4868 λαμπρυνόμενα
2665 4813 2770 4852 om.
2802 4795 2929 4851 HR
2959 4800 2969 4866 Ι
3001 4791 3281 4868 γνώσεως]
3320 4792 3693 4866 ἀναγνώσεως
3726 4795 3788 4851 Η
3811 4798 3820 4859 Ι
3854 4814 4020 4863 φαει-

295 4879 530 4956 νότερα]
568 4881 923 4953 φανερότερα
962 4885 1031 4939 H
1058 4880 1435 4954 καθαρώτερα
1472 4884 1528 4939 Β
1553 4887 1575 4955 Ι
1600 4884 1677 4940 20
1711 4880 1810 4940 διὰ
1845 4878 2259 4958 λόγου]άλόγου
2295 4886 2348 4940 L
2372 4888 2393 4955 ΙΙ
2420 4885 2491 4942 21
2531 4880 2567 4955 ἢ
2606 4884 2916 4956 προπέρυσι
2953 4902 3064 4942 om.
3100 4885 3157 4941 Β
3181 4887 3203 4955 Ι
3228 4884 3303 4941 22
3341 4881 3614 4957 ὁράσεως]
3664 4881 3878 4954 όύσεως
3915 4885 3966 4938 L
4005 4886 4016 4957 1

295 4966 401 5042 τήν
435 4990 497 5026 τε
538 4965 620 5028 εὖ.
659 4992 709 5027 κ.
747 4968 851 5042 τὴν
887 4969 1314 5043 ὁυθραίνουσαν
1351 4973 1405 5028 Β
1449 4974 1470 5042 Ι]
1514 4971 1589 5028 24
1627 4970 1795 5045 ἔγνω]
1835 4970 2078 5042 ἔγνωσεν
2115 4974 2168 5028 L
2205 4970 2386 5043 ἔγνων
2423 4975 2479 5030 Β
2518 4978 2529 5045 Ι
2570 4976 2700 5030 ante
2739 4976 2996 5031 τοιοῦτον
3041 4975 3169 5032 add.
3206 4972 3382 5046 ὄόδον
3419 4973 3545 5028 HR
3577 4976 3584 5041 Ι
3618 4968 3755 5045 ὑπὸ]
3795 4969 3893 5027 διὰ
3929 4971 4019 5029 λό-

296 5080 402 5132 γου
440 5060 510 5115 H
537 5057 635 5117 διὰ
672 5061 769 5131 τῆς
796 5060 851 5116 Β
877 5060 998 5131 125
1035 5062 1136 5133 τῆς
1172 5057 1418 5133 ὁράσεως
1454 5063 1553 5119 καὶ
1589 5057 1917 5132 ὀσφρήσεως
1954 5062 2079 5117 ΗΒ
2104 5065 2126 5133 Ι
2151 5062 2227 5119 26
2261 5065 2393 5134 post
2431 5058 2737 5133 ἐπιστήμας
2775 5062 2900 5120 add.
2937 5057 3008 5128 ἃς
3042 5060 3140 5119 διὰ
3176 5060 3345 5133 λόγου
3381 5061 3580 5132 Β127
3623 5057 4020 5133 διδασκόμεθα

299 5166 410 5207 om.
446 5149 516 5204 H
538 5153 548 5220 Ι
581 5142 726 5219 αὕτη
767 5181 831 5190 —-
869 5151 1094 5223 γνῶσις]
1135 5149 1231 5206 καὶ
1267 5143 1413 5220 αὕτη
1451 5145 1602 5206 ἐστὶν
1639 5150 1707 5204 H
1731 5152 1739 5219 1
1771 5150 2106 5223 λεχθεισῶν]
2144 5149 2463 5224 λεχθέντων
2499 5150 2628 5206 ΗΒ
2653 5154 2673 5221 fl
2698 5150 2775 5208 8⁰
2810 5153 3071 5224 Ἀλκαῖος]
3105 5147 3423 5223 Ἀληκμαῖος
3459 5150 3510 5205 L
3541 5146 3822 5223 ’Δλκμαῖος
3858 5150 3983 5206 ΗΒ

3429 5290 3434 5303 ·
3561 5263 3594 5311 4
