4809 5959
1950 495 2384 561 ...43-

1715 740 1721 751 ·
1761 729 1802 810 g
1854 726 1934 792 19
1979 724 2134 792 vm.
2177 726 2293 815 (24
2338 725 2570 812 Bekk.)

1602 863 1864 941 ΠΕΡῘ
1920 860 2712 939 ἘΠΙΡΡήΜΑΤοΣ

556 1058 587 1095 ι
624 1027 1028 1119 «Επίρρημά
1076 1032 1212 1098 ἐστι
1257 1027 1456 1115 μέρος
1500 1026 1710 1113 λόγου
1753 1025 2069 1094 ἅκλιτον»
2122 1024 2271 1113 ἤτοι
2317 1022 2638 1112 ἀκίνητον
2684 1025 2794 1093 καὶ
2840 1021 3287 1113 ἀμετάβολον,
3341 1026 3451 1094 καὶ
3507 1032 3865 1115 τοσοῦτον,
3922 1025 4024 1098 ὅτι

304 1136 416 1204 καὶ
460 1135 543 1204 τὰ
589 1133 886 1224 ὀνόματα
932 1132 1451 1224 ἐπιρρηματικὴν
1496 1130 1958 1221 άναδεχόμενα
2003 1132 2278 1216 σύταξιν
2321 1130 2590 1201 ἅπτωτα
2645 1133 2852 1220 μένει·
2906 1139 3162 1201 τίθεται
3219 1132 3294 1202 δὲ
3348 1131 3515 1201 κατὰ
3568 1138 3704 1202 τῶν
3762 1136 3834 1203 ἐν
3890 1148 4027 1215 τοῖς

304 1240 598 1331 ῥήμασιν
636 1244 1011 1329 ἐγκλίσεων,
1055 1241 1168 1308 καὶ
1203 1239 1361 1309 ποτε
1397 1238 1519 1327 μὲν
1564 1238 2006 1326 προτάσσεται
2051 1237 2209 1307 ποτὲ
2256 1237 2331 1306 δὲ
2376 1235 2839 1308 ὑποτάσσεται.
2927 1239 3201 1307 Τούτων
3247 1236 3413 1307 ἄνευ
3459 1236 3543 1308 οὐ
3578 1248 4026 1310 κατακλείεται
4064 1257 4095 1308 5

307 1346 604 1417 διάνοια·
662 1346 781 1418 ἐὰν
834 1347 965 1436 γὰρ
1021 1355 1183 1416 εἴπω
1240 1344 1671 1434 ἐξηγήσατο
1726 1344 2092 1431 Πλάτων,
2149 1342 2232 1413 οὐ
2276 1345 2644 1414 κέκλεισται
2688 1341 2731 1431 ή
2780 1343 3075 1413 διάνοια·
3131 1349 3193 1414 εί
3245 1345 3321 1414 δὲ
3374 1354 3535 1414 εἴπω
3592 1347 4024 1434 ἐξηγήσατο

307 1453 640 1525 Πλάτων
686 1459 980 1542 σαφῶς,
1027 1454 1280 1544 πλήρης
1325 1450 1367 1541 ἡ
1415 1451 1702 1522 διάνοια.
1767 1449 2097 1520 Ἕκαστον
2141 1454 2375 1519 τοίνυν
2425 1452 2750 1540 ἐπίρρημα
2795 1457 2956 1539 μίαν
2993 1450 3233 1539 φωνην
3270 1453 3382 1520 καὶ
3419 1454 3538 1522 ἕνα
3573 1453 4027 1543 σχηματισμὸν

306 1567 466 1650 ἔχει·
519 1562 631 1629 καὶ
678 1558 840 1650 ὅπερ
887 1560 1069 1630 ἐστὶν
1115 1561 1425 1629 ἐπίθετον
1472 1556 1689 1646 ὄνομα
1744 1560 1819 1627 ἐν
1874 1556 2235 1644 ὀνόμασιν,
2290 1558 2492 1647 χωρὶς
2543 1563 2784 1645 κυρίου
2837 1556 3168 1645 ὀνόματος
3221 1558 3310 1647 μὴ
3364 1560 3760 1648 λεγόμενον,
3817 1558 4029 1642 οὕτως

304 1667 382 1737 τὸ
441 1670 769 1758 ἐπίρρημα
829 1666 903 1736 ἐν
958 1680 1101 1748 ταῖς
1156 1664 1504 1749 συντάξεσι
1559 1670 1696 1735 τῶν
1751 1665 2093 1753 ῥημάτων·
2153 1665 2468 1752 λέγοντος
2519 1664 2649 1754 γάρ
2705 1689 2837 1752 μου
2891 1662 2926 1734 ὁ
2985 1665 3367 1746 πλούσιος
3421 1666 3624 1737 οὐδὲν
3680 1672 3880 1756 δηλοῖ
3931 1663 4028 1737 ῶν

309 1774 651 1860 ἐπίθετον,
706 1771 796 1862 μὴ
854 1771 1048 1853 ὄντος
1090 1778 1332 1861 κυρίου
1388 1769 1741 1859 ὀνόματος·
1807 1775 1869 1841 εἰ
1922 1770 1997 1840 δὲ
2051 1777 2213 1837 εἴπω
2268 1770 2702 1851 Θεοδόσιος
2763 1770 3178 1859 πλούσιος,
3243 1771 3579 1842 Πλάτων
3641 1779 4027 1863 τεχνίτης,
4071 1792 4137 1841 10

307 1886 517 1968 ἔγνως
563 1878 676 1948 διὰ
723 1882 860 1948 τῶν
905 1882 1159 1968 κυρίων
1213 1877 1292 1946 τὰ
1342 1880 1639 1948 ἐπίθετα·
1697 1874 1909 1959 οὕτως
1962 1873 2318 1945 κάνταῦθα
2364 1874 2538 1946 ὅπου
2584 1875 2927 1967 άγορευθῇ
2976 1881 3333 1966 ἐπίρρημα,
3379 1878 3645 1962 πάντως
3678 1880 3792 1949 καὶ
3828 1882 4028 1969 ῥῆμα,

307 1980 459 2058 οἷον
514 1986 702 2076 χθὲς
756 1991 989 2073 φίλος
1041 1977 1322 2073 ἦλθεν,
1379 1983 1461 2054 οὐ
1518 1984 1653 2073 μὴν
1707 1983 1899 2073 χθὲς
1952 1987 2209 2070 φίλος·
2274 1988 2447 2053 ἔνθα
2504 1983 2578 2053 δὲ
2632 1986 2842 2073 ῥῆμα,
2897 1983 2981 2053 οὐ
3037 1990 3246 2054 δεῖται
3303 1985 3766 2075 ἐπιρρήματος·
3828 1986 3905 2055 τὸ
3956 1986 4030 2055 δὲ

308 2095 637 2182 ἐπίρρημα
683 2090 947 2173 πάντως
994 2096 1204 2161 δεῖται
1248 2094 1370 2160 τοῦ
1407 2090 1729 2179 ῥήματος,
1773 2089 1979 2178 παρὲξ
2014 2094 2135 2157 τοῦ
2174 2094 2323 2177 φεῦ
2358 2090 2473 2158 καὶ
2507 2094 2630 2159 τοῦ
2679 2100 2894 2179 οἶμοι
2940 2089 3104 2160 ἄνευ
3141 2094 3486 2180 ἐπαγωγῆς
3522 2092 3812 2182 ῥήματος
3846 2101 4030 2180 λεγο-

309 2202 551 2288 μένων.
614 2205 933 2269 Γίνονται
962 2196 1036 2267 δὲ
1064 2195 1195 2266 άπὸ
1233 2196 1498 2286 χρόνων
1537 2193 1628 2278 ῶς
1662 2195 1738 2265 τὸ
1777 2200 1955 2282 νῦν,
2004 2192 2134 2264 άπὸ
2170 2200 2412 2286 καιροῦ
2449 2192 2540 2277 ῶς
2572 2195 2649 2265 τὸ
2698 2195 3073 2287 σήμερον,
3122 2197 3435 2287 αὔριον,
3480 2197 3766 2286 τόφρα,
3810 2200 4029 2285 τέως,

309 2312 627 2394 πηνίκα·
681 2304 793 2373 καὶ
848 2300 981 2373 άπὸ
1035 2307 1323 2391 γενικῶν
1377 2302 1694 2373 πτῶσεων
1741 2300 2092 2391 ὀνομάτων
2148 2298 2237 2386 ῶς
2290 2301 2366 2372 τὸ
2407 2307 2721 2391 σαφῶς,
2782 2303 3123 2391 εὐσεβῶς
3186 2302 3318 2373 άπὸ
3383 2308 3520 2374 τῶν
3583 2308 3856 2393 σαφῶν
3919 2305 4032 2373 καὶ
4072 2322 4138 2372 15

308 2410 677 2499 εὐσεβῶν.
768 2409 1159 2497 Μεσότητος
1204 2409 1280 2479 δὲ
1335 2414 1541 2478 ταῦτα
1596 2409 1933 2497 λέγονται,
1998 2404 2103 2476 ὅτι
2158 2408 2365 2496 μέσον
2421 2410 2593 2479 εἰσὶν
2648 2408 3024 2500 άρσενικῶν
3077 2411 3188 2479 καὶ
3242 2414 3593 2498 θηλυκῶν,
3660 2404 3811 2481 οἷον
3877 2416 4030 2483 τῶν

309 2517 664 2606 εὐσεβῶν
710 2514 1027 2606 ἀνδρῶν
1074 2512 1418 2602 εὐσεβῶς
1462 2512 1862 2602 λεγόντων
1907 2514 2019 2583 καὶ
2063 2519 2219 2584 τῶν
2266 2513 2621 2602 εὐσεβῶν
2667 2520 3071 2604 γυναικῶν
3118 2512 3463 2603 εὐσεβῶς
3507 2518 4033 2607 περιπατούν-

308 2653 465 2695 των
512 2625 692 2716 (sic)·
739 2620 952 2705 οὕτως
994 2622 1106 2692 καὶ
1152 2621 1231 2690 τὰ
1280 2620 1497 2710 ὅμοια.
1576 2627 1893 2691 Γίνονται
1941 2621 2016 2690 δὲ
2061 2619 2192 2690 άπὸ
2240 2621 2466 2691 τόπων
2513 2616 2663 2692 οἷον
2709 2622 2901 2710 ἅνω,
2946 2622 3182 2709 κάτω,
3231 2614 3329 2692 ῶν
3374 2626 3625 2723 σχέσεις
3670 2626 3798 2694 εἰσὶ
3835 2638 4031 2713 τρεῖς,

312 2728 355 2821 ἢ
397 2734 469 2801 ἐν
505 2730 717 2824 τόπῳ,
765 2726 856 2810 ῶς
903 2732 984 2799 ἐν
1029 2732 1130 2821 τῶ
1172 2726 1499 2822 Ἀμορίῳ
1548 2727 1826 2815 διάγω,
1872 2725 1915 2816 ἢ
1955 2732 2048 2810 είς
2084 2726 2324 2815 τόπον,
2372 2727 2463 2810 ῶς
2509 2734 2621 2811 εἰς
2655 2728 3522 2799 Κωνσταντινούπολιν
3558 2729 4032 2821 ἀπέρχομαι,

311 2835 354 2927 ἢ
404 2842 477 2908 ἐκ
520 2838 763 2923 τόπου,
810 2833 902 2915 ῶς
942 2834 1020 2904 τὸ
1077 2833 1228 2905 άπὸ
1281 2840 1418 2923 τῆς
1471 2835 1769 2916 πόλεως
1822 2838 2173 2924 ἔρχομαι·
2231 2833 2477 2924 ὁμοίως
2532 2827 2714 2922 ῶδε,
2771 2838 2960 2922 ἐκεῖ,
3019 2838 3349 2904 ἐκεῖθεν.
3440 2841 3756 2905 Γίνονται
3804 2837 3878 2905 δὲ
3922 2838 4032 2906 καὶ
4072 2855 4143 2904 20

313 2943 447 3015 ἀπὸ
496 2943 825 3034 ἀριθμοῦ,
879 2939 970 3023 ῶς
1022 2940 1098 3010 τὸ
1158 2945 1313 3029 δίς,
1369 2947 1568 3031 τρίς,
1622 2940 2014 3030 τετράκις,
2067 2942 2178 3010 καὶ
2235 2941 2407 3012 ἄλλα
2460 2940 2665 3024 ἄλλας
2718 2943 2999 3031 ἐχόμενα
3046 2949 3400 3031 σημασίας,
3457 2941 3499 3011 ἃ
3554 2944 3665 3012 καὶ
3718 2942 4033 3037 παρὰ,τῷ

311 3051 748 3144 τεχνογράφῳ
805 3047 1281 3136 εὐδιαγόρευτά
1340 3052 1528 3118 εἰσιν.
1624 3046 2087 3138 Προτάσσεται
2135 3049 2209 3119 δὲ
2253 3048 2329 3119 τὸ
2378 3050 2705 3137 ἐπίρρημα
2740 3053 2863 3118 τοῦ
2902 3049 3195 3138 ῥήματος
3231 3047 3441 3131 οὕτως
3484 3054 3633 3119 νῦν
3679 3048 3779 3118 πά
3792 3075 4053 3139 ρειμι,,

311 3156 705 3246 ὑπολέγεται
761 3156 835 3226 δὲ
889 3154 1211 3243 πάρειμι
1275 3160 1455 3242 νῦν,
1519 3160 1772 3237 καλῶς
1834 3155 2143 3244 γράφω,
2207 3154 2481 3246 γράφω
2544 3161 2815 3237 καλῶς.
2925 3161 3075 3226 Τῶν
3131 3156 3207 3226 δὲ
3262 3155 3725 3246 ἐπιρρημάτων
3779 3155 3857 3225 τὰ
3913 3157 4037 3243 μέν

314 3270 489 3335 είσιν
544 3262 754 3351 ἁπλᾶ,
810 3261 901 3345 ῶς
953 3261 1228 3348 πάλαι,
1283 3264 1597 3352 πέρυσι,
1652 3264 1869 3350 χθές,
1926 3261 2238 3350 αὔριον·
2293 3261 2374 3331 τὰ
2432 3262 2507 3333 δὲ
2553 3262 2879 3350 σύνθετα,
2935 3261 3026 3345 ῶς
3080 3262 3507 3352 πρόπαλαι,
3562 3264 4035 3351 προπέρυσι,

315 3371 691 3461 προχθές,
737 3368 1168 3458 μεταύριον
1212 3369 1324 3437 καὶ
1370 3367 1449 3436 τὰ
1499 3366 1716 3456 ὅμοια.
1815 3374 2036 3439 Ταῦτα
2080 3368 2160 3438 τὰ
2212 3369 2621 3457 ἐπιρρήματα
2667 3369 2781 3437 διὰ
2827 3375 2949 3438 τοῦ
2998 3380 3050 3439 ῶ
3094 3368 3389 3457 μεγάλου
3433 3368 3839 3458 γράφονται,
3886 3360 4035 3438 οἷον
4074 3387 4142 3437 25

315 3477 574 3547 κύκλω
608 3477 794 3566 (sio),
830 3474 1090 3563 ἄφνω,
1126 3474 1423 3564 πόρρω,
1464 3476 1635 3562 ἔξω,
1676 3480 1852 3561 ἔσω,
1892 3474 2084 3562 ἅνω,
2122 3475 2360 3563 κάτω,
2398 3475 2659 3564 πρόσω
2688 3474 2906 3544 καὶτὰ
2936 3475 3232 3545 σύνθετα
3260 3473 3607 3564 ἄνωθεν,
3644 3474 4036 3562 κάτωθεν,

636 3741 869 3799 DISCR.
908 3741 1057 3797 SCR.
1094 3741 1176 3797 IN
1210 3739 1559 3796 MLHRKP
1633 3741 1670 3797 2
1708 3744 1781 3798 Π.
1820 3745 1884 3796 Ε.
1925 3757 2032 3798 om.
2074 3741 2132 3797 P
2170 3743 2191 3811 ΙΙ
2234 3741 2272 3797 8
2307 3744 2369 3797 τί
2401 3737 2551 3797 ἐστιν
2591 3738 2896 3813 ἐπίρρημα,
2934 3741 3103 3812 μέρος
3139 3737 3308 3812 λόγου
3347 3773 3413 3783 -
3452 3742 3578 3798 HR
3624 3746 3633 3812 Ι
3683 3736 4041 3813 άμετάβατον

321 3835 397 3888 Μ
403 3832 522 3887 LR
552 3835 561 3900 Ι
593 3827 715 3886 ἅκλ.
756 3830 853 3884 καὶ
889 3825 1291 3900 ἀμετάπτωτον
1326 3830 1423 3886 καὶ
1460 3848 1573 3887 τοσ.
1614 3830 1672 3886 Ρ
1700 3834 1708 3899 Ι
1739 3829 1837 3885 καὶ
1873 3848 1986 3889 τοσ.
2016 3822 2106 3886 ὅτι
2143 3820 2335 3886 oms-R
2360 3833 2380 3901 ΙΙ
2407 3831 2444 3888 5
2473 3826 2615 3887 ἄνευ
2642 3827 2847 3887 τούτου
2877 3831 3004 3886 HR
3034 3834 3045 3900 Ι
3075 3825 3144 3887 οὐ
3175 3834 3536 3888 κατακλίεται
3567 3832 3724 3899 ML,
3762 3826 3830 3886 οὐ
3870 3850 4042 3885 κατα-

317 3924 569 3978 κλίνεται
607 3918 752 3988 PR,
787 3912 987 3973 οὐκατ’
1019 3914 1330 3987 ἔγκλίνεται
1357 3917 1445 3989 Η,
1483 3912 1551 3974 οὐ
1578 3920 1828 3974 κλίνεται
1855 3919 1921 3974 K
1939 3921 1960 3989 ΙΙ
1987 3919 2025 3974 6
2053 3915 2157 3975 ἐὰν
2187 3949 2253 3959 -
2282 3923 2369 3975 πλ.
2408 3914 2444 3989 ἡ
2475 3915 2711 3976 διάνοια
2741 3936 2851 3977 om.
2881 3920 2949 3974 K
2973 3923 2983 3989 Ι
3015 3923 3188 3977 Πλατ.
3219 3951 3286 3961 -
3316 3917 3465 3991 ἔξηγ.
3494 3938 3603 3978 om.
3635 3920 3693 3976 P
3719 3921 3729 3989 Ι
3762 3915 3868 3975 οὐκ
3896 3917 4040 3976 ἔκλι-

318 4029 448 4066 σται
477 4009 635 4079 ML,
665 4001 734 4064 οὐ
762 4004 1028 4076 κέκληται
1045 4006 1119 4075 R,
1156 4001 1263 4063 οὐκ
1302 4001 1616 4077 ἐγκλίνεται
1641 4007 1709 4061 H
1727 4010 1748 4079 ΙΙ
1777 4007 1806 4062 '2
1839 4004 2013 4064 Πλάτ.
2045 4008 2205 4079 σαφ.]
2235 4006 2496 4072 νικόλαος
2522 4026 2658 4078 σαφ.
2689 4008 2746 4064 Ρ
2772 4012 2782 4080 Ι
2816 4006 3026 4079 gnava]
3056 4003 3285 4065 διάνοια
3318 4007 3375 4063 Ρ
3402 4012 3411 4080 Ι
3445 4010 3479 4065 8
3518 4006 3593 4080 μὴ
3622 4008 3759 4081 λεγ.]
3791 4003 4044 4079 ἐπιλεγό·

318 4118 494 4170 μενον
532 4098 631 4169 ΡΙΙ
657 4097 695 4153 9
732 4089 835 4167 ῶν]
874 4089 942 4152 ὃν
979 4095 1059 4165 H,
1095 4113 1203 4153 om.
1231 4096 1297 4151 K
1316 4098 1337 4167 ΙΙ
1364 4097 1440 4152 10
1476 4094 1740 4169 Πλάτων]
1780 4091 1982 4168 νήφων
2013 4097 2071 4153 Ρ
2091 4100 2112 4169 ΙΙ
2139 4098 2210 4153 11
2253 4094 2623 4170 ἐπαγορευθῇ
2653 4097 2719 4152 K
2739 4100 2758 4169 ΙΙ
2787 4097 2860 4153 12
2898 4093 2962 4152 τὸ
3002 4094 3066 4152 δὲ
3106 4093 3192 4153 ἐπ.
3232 4129 3300 4138 -
3336 4098 3438 4153 τοῦ
3479 4093 3631 4169 ῥήμ]
3661 4094 3784 4152 οἷον
3811 4092 4043 4167 τρύφων

322 4182 510 4243 ἐλθῶν
548 4179 872 4255 ἐξηγήσατο.
937 4183 1035 4239 καὶ
1072 4178 1140 4240 οὐ
1179 4186 1364 4240 δεῖται
1397 4185 1500 4240 τοῦ
1548 4180 1796 4255 ῥήματος
1830 4186 1896 4240 K
1933 4188 1954 4255 ΙΙ
1997 4186 2072 4242 18
2109 4182 2236 4258 ῥήμ.
2276 4186 2415 4257 λεγ.]
2453 4181 2723 4256 ῥημάτων
2761 4184 3084 4257 γενομένων
3120 4185 3187 4240 K
3224 4188 3244 4256 ΙΙ
3288 4184 3363 4242 14
3400 4182 3476 4250 ῶς
3512 4181 3575 4241 τὸ
3615 4181 3766 4258 σήμε]
3806 4181 3880 4249 ῶς
3919 4188 4043 4255 εἴδη

317 4271 674 4331 ὁποτακτέον
708 4269 779 4328 τὰ
817 4273 1020 4343 καιροῦ
1046 4269 1456 4344 παραστατικά,
1493 4273 1615 4329 οἷον
1654 4269 1778 4345 σήμ.
1808 4275 1884 4344 K,
1924 4270 2113 4331 «κατὰ
2142 4270 2391 4347 ῥήματος
2416 4268 2721 4345 λεγόμενον
2753 4266 2787 4344 ἢ
2820 4268 3234 4346 ἐπιλεγομένων
3262 4269 3543 4346 ῥημάτων.
3582 4273 3691 4328 τῶν
3719 4273 3784 4329 δὲ
3816 4268 4043 4345 ἐπιρρη-

322 4361 512 4436 μάτων
543 4394 609 4404 -·
635 4363 948 4433 θειασμοῦ,
988 4361 1110 4418 οἷον
1139 4357 1205 4418 εὐ
1235 4364 1316 4434 οἵ,
1354 4358 1541 4419 εὐάν»
1570 4358 1644 4426 ὥς
1671 4360 1735 4419 τὸ
1774 4359 1901 4435 σήμ.
1937 4365 1994 4419 Ρ
2021 4366 2031 4433 Ι
2062 4359 2272 4436 τόφρα]
2302 4359 2457 4433 ὄφρα
2485 4362 2612 4418 HR
2636 4364 2657 4433 ΙΙ
2683 4363 2758 4419 15
2786 4364 2884 4419 καὶ
2910 4357 3026 4418 άπὸ
3060 4393 3127 4403 -
3158 4360 3410 4437 εὐσεβῶν
3436 4363 3580 4435 (16)]
3610 4358 4047 4434 ὐποδιαιρετικά

323 4448 441 4508 ἐστι
475 4451 656 4507 ταῦτα
691 4453 792 4509 τοῦ
830 4451 1061 4521 καιροῦ,
1098 4446 1225 4521 ἤτοι
1250 4451 1352 4507 τοῦ
1383 4447 1709 4522 ἐνεστῶτος,
1746 4448 2227 4523 παρεληλυθότος,
2266 4451 2579 4524 μέλλοντος.
2636 4446 3085 4521 συνεκτικῶτερα
3112 4445 3219 4522 γάρ
3249 4450 3358 4508 εἰσι
3394 4448 3456 4507 τὸ
3487 4453 3623 4523 νῦν,
3660 4448 3807 4523 τότε,
3848 4442 4047 4517 αὐθις.

322 4539 433 4596 εἰσὶ
469 4538 532 4596 δὲ
572 4538 672 4595 καὶ
707 4537 778 4595 τὰ
815 4536 1141 4611 καλούμενα
1177 4536 1481 4611 μεσότητος
1518 4535 1897 4613 ἐπιρρήματα,
1933 4534 2101 4596 ἅτινα
2140 4536 2205 4598 ἐκ
2242 4543 2355 4597 τῶν
2389 4542 2632 4613 γενικῶν
2667 4541 3067 4610 πληθυντικῶν
3104 4535 3400 4612 ὀνομάτων
3437 4535 3830 4612 ἐγενήθησαν,
3868 4537 3945 4605 ῶς
3981 4541 4043 4597 τό

323 4629 520 4699 σαφῶς
555 4623 672 4684 άπὸ
710 4629 823 4683 τῶν
869 4629 1098 4698 σαφῶν,
1146 4626 1245 4684 καὶ
1282 4622 1525 4702 εὐσεβῶς
1571 4622 1685 4683 άπὸ
1732 4629 1844 4684 τῶν
1891 4622 2141 4703 εὐσεβῶν
2176 4629 2242 4684 K
2284 4632 2294 4701 Ι
2345 4630 2421 4686 16
2455 4626 2667 4688 Μεσότ.
2708 4662 2774 4670 -
2810 4633 3016 4699 θηλυκ.
3053 4644 3160 4686 om.
3205 4629 3262 4683 P
3300 4630 3320 4699 ΙΙ
3365 4628 3435 4685 17
3477 4623 3594 4687 εὐσ.
3632 4633 3746 4700 λεγ.
3786 4647 3897 4687 om.
3935 4630 4002 4683 K
4034 4626 4043 4698 Ι

323 4711 510 4789 εὐσεβ.
546 4712 758 4790 περιπζ]
795 4718 1077 4789 λεγουσῶν
1114 4711 1362 4791 εὐσεβῶς
1390 4716 1467 4787 H,
1502 4712 1782 4788 λεγόντων
1820 4712 2065 4793 εὐσεβῶς
2096 4717 2194 4774 καὶ
2232 4715 2348 4776 εὐσ.
2385 4737 2573 4790 περιπ.
2602 4718 2659 4773 R
2684 4720 2705 4789 ΙΙ
2733 4718 2807 4775 18
2845 4718 3121 4791 γίνονται]
3150 4719 3432 4773 τείνονται
3459 4719 3526 4774 Κ
3549 4722 3559 4790 Ι
3591 4715 3709 4775 άπὸ
3748 4714 3923 4774 τόπου
3968 4715 4050 4781 εἰς

320 4803 500 4864 τόπον
526 4807 593 4861 Κ
618 4810 627 4876 Ι
659 4802 839 4876 κάτω,
876 4801 1044 4862 ἅτινα
1079 4802 1285 4863 τοπικὰ
1325 4801 1677 4878 ἐπιρρήματα
1712 4807 1998 4864 καλοῦντα
2023 4808 2090 4863 Κ
2110 4811 2129 4880 ΙΙ
2155 4808 2231 4864 19
2268 4802 2343 4871 ῶς
2381 4803 2445 4863 ἐν
2483 4839 2549 4848 —-
2577 4802 2783 4879 διάγω]
2822 4801 2858 4878 ἢ
2898 4803 2961 4863 ἐκ
2990 4803 3168 4863 τόπου
3209 4806 3266 4862 Ρ
3293 4810 3301 4873 Ι
3334 4801 3369 4877 ἢ
3406 4805 3488 4870 είς
3522 4802 3701 4863 τόπον
3737 4823 3844 4861 om
3875 4805 4003 4860 HR
4034 4806 4043 4879 Ι

323 4892 389 4953 ἔν
426 4896 857 4953 Κωνσταντίνου
895 4892 1058 4952 πόλει
1088 4895 1434 4951 MLHRK
1452 4897 1472 4966 ΙΙ
1499 4895 1575 4951 20
1611 4891 1702 4966 ὀμ.
1742 4894 1806 4951 δὲ
1847 4892 1976 4952 ἐκεῖ
2002 4891 2234 4953 §nemer
2264 4893 2495 4967 ἔρχομαι
2524 4895 2591 4950 Κ
2615 4896 2624 4968 Ι
2657 4893 2721 4952 δὲ
2761 4890 3114 4967 ἐπιρρήματα
3151 4894 3251 4952 καὶ
3276 4896 3341 4949 Κ
3361 4897 3382 4967 ΙΙ
3408 4896 3480 4951 21
3519 4914 3660 4966 τετρ.
3698 4891 3965 4961 πεντάκις
3993 4894 4049 4950 R

329 4987 338 5059 Ι
380 4980 573 5057 ἄλλας]
612 4979 806 5049 ἄλλαις
844 4985 921 5039 Μ
926 4984 1139 5053 LRK,
1178 4980 1355 5049 ἄλλως
1391 4985 1460 5041 Η
1477 4987 1498 5056 ΙΙ
1525 4984 1598 5041 22
1638 4979 2103 5056 εὐδιαγορεντικά
2140 4986 2206 5041 Κ
2230 4988 2241 5055 Ι
2271 4982 2334 5041 τό
2377 4980 2552 5054 ἐπιρρ.
2592 4985 2693 5040 τοῦ
2731 4980 2864 5056 ῥήμ.
2902 5003 3010 5043 om.
3049 4985 3115 5040 Κ
3135 4987 3156 5056 ΙΙ
3182 4985 3257 5041 23
3299 4981 3482 5057 ὑπολ]
3521 4979 3898 5040 ὑποτάσσεται
3932 4984 3999 5039 Κ
4030 4985 4052 5058 ΙΙ

321 5073 402 5131 24
438 5073 637 5146 πέρυσι
680 5106 747 5115 -
784 5068 985 5146 αὐριον
1023 5091 1133 5131 om.
1171 5074 1238 5129 K
1261 5076 1271 5146 Ι
1302 5074 1444 5145 χθὲς
1478 5104 1551 5115 —
1585 5072 1819 5146 προπέρ.
1850 5091 1956 5131 om.
1988 5076 2056 5130 H
2080 5079 2088 5145 Ι
2120 5072 2353 5146 προπέρ.
2384 5105 2452 5115 -
2480 5066 2673 5147 ὅμοια]
2704 5073 2903 5145 πέρισυ
2933 5074 3039 5146 μὲν
3067 5071 3208 5145 χθές
3235 5069 3435 5144 αὐριον
3463 5068 3614 5129 ἁπλᾶ
3645 5071 3787 5130 εἰσιν
3818 5070 4048 5146 ἐπιρρή-

325 5182 504 5234 ματα,
540 5160 850 5234 προπέρισυ
889 5160 955 5219 δὲ
991 5161 1242 5235 προχθές
1278 5158 1581 5235 μεταύριον
1620 5158 1874 5219 σύνθετα
1911 5163 1978 5218 Κ
1997 5165 2017 5234 ΙΙ
2043 5163 2118 5220 25
2156 5159 2474 5235 μεθαύριον
2515 5163 2590 5217 Μ
2595 5160 2820 5235 ΙιΒΡΙΙ
2846 5163 2923 5220 26
2960 5160 3138 5236 κάτω]
3178 5160 3322 5218 κατά
3360 5162 3492 5218 ML

3548 5270 3624 5327 6*
