4809 5959
2473 467 2856 559 ‘5⁶‘-

806 668 999 734 quam
1044 648 1350 732 proposui
1395 646 1559 712 nihil
1604 645 2007 712 adiciendum
2053 666 2192 711 esse
2238 649 2395 731 puto
2451 645 2579 711 nisi
2634 644 2753 710 sub
2810 643 2984 709 scida
3041 643 3371 730 triangula
3414 664 3576 728 quae
3633 640 4043 728 agglutinata
4089 644 4215 723 est,
4258 642 4333 704 ut
4376 637 4523 705 folii

804 752 1126 839 particula
1162 748 1386 841 (simul
1423 773 1568 817 cum
1604 751 2124 818 antecedentibus
2160 751 2362 836 foliis,
2411 749 2669 837 opinor)
2708 749 2933 815 avulsa
2970 751 3392 834 suppleretur,
3431 747 3777 814 nonnullas
3815 748 4017 812 latere
4052 746 4325 812 litteras,
4383 743 4520 810 Has

815 883 959 926 cum
1004 860 1060 924 is
1117 858 1227 943 qui
1273 857 1660 924 Vaticanum
1708 859 1839 925 240
1893 858 2183 924 exaravit
2236 859 2523 924 nondum
2579 859 2905 923 contectas
2961 856 3304 942 inveniret,
3360 859 3617 940 poterat
3670 858 3921 939 partem
3977 875 4197 919 eorum
4244 852 4522 918 scribere

806 987 968 1051 quae
1014 965 1194 1031 uncis
1284 964 1534 1030 inclusi.
1606 964 1851 1050 primos
1898 986 2050 1030 vero
2089 969 2395 1051 quattuor
2450 985 2673 1030 versus
2719 962 3022 1030 Vaticani
3067 963 3367 1029 librarius
3415 963 3603 1048 plane
3650 961 3894 1044 omisit,
3941 982 4087 1026 cum
4133 962 4247 1025 aut
4292 963 4367 1024 ut
4412 980 4520 1024 eos

808 1074 1055 1160 legeret
1101 1074 1159 1138 ei
1204 1094 1335 1139 non
1383 1072 1786 1159 contingeret
1831 1069 2010 1158 (nam
2054 1093 2258 1156 nuper
2301 1072 2560 1136 demum
2605 1069 2887 1136 remedio
2926 1070 3209 1136 chemico
3254 1070 3724 1156 aliquantulum
3762 1066 4109 1133 refocillati
4156 1063 4364 1152 sunt),
4410 1069 4524 1129 aut

808 1180 1017 1246 medio
1063 1181 1129 1245 in
1180 1179 1518 1245 enuntiato
1567 1179 1942 1265 opusculum
1989 1179 2269 1264 incipere
2314 1178 2534 1244 nollet.

1124 1284 1393 1351 Duobus
1437 1288 1768 1370 praeterea
1821 1286 2008 1370 locis,
2064 1285 2119 1350 si
2175 1284 2431 1370 quidem
2483 1283 2776 1369 pluribus
2831 1281 3221 1348 testimoniis
3267 1304 3429 1367 opus
3477 1285 3603 1365 est,
3656 1279 3807 1347 Vat.
3853 1281 3985 1347 240
4039 1303 4073 1346 e
4121 1279 4520 1346 Barocciano

807 1390 1195 1477 descriptum
1234 1413 1372 1456 esse
1412 1392 1845 1457 confirmatur.
1917 1390 2046 1456 BA
2081 1413 2142 1475 p.
2170 1390 2318 1471 907,
2345 1390 2389 1454 4
2428 1390 2602 1454 enim
2638 1390 2809 1456 inter
2836 1390 3032 1456 verba
3062 1384 3419 1476 ἀναφοράν
3464 1393 3529 1454 et
3573 1385 3751 1473 πλήν
3788 1387 3858 1452 in
3893 1386 4041 1453 Vat.
4079 1386 4238 1453 haec
4285 1387 4524 1453 omissa

808 1501 984 1563 sunt:
1033 1498 1106 1563 ἐν
1154 1493 1277 1582 μὲν
1320 1493 1558 1586 πρώτῳ
1603 1494 1713 1562 καὶ
1761 1495 2046 1585 δευτέρῳ
2092 1491 2424 1584 προσώπῳ
2473 1496 2681 1577 δεῖξιν
2726 1493 2944 1582 μόνον
2990 1498 3466 1582 σημαίνουσιν,
3521 1492 3597 1561 ἐν
3650 1491 3725 1560 δὲ
3769 1495 3858 1585 τῷ
3915 1496 4111 1582 τρίτῳ
4156 1491 4266 1558 καὶ
4314 1494 4524 1572 δεῖξιν

804 1602 914 1669 καὶ
961 1598 1343 1687 ἅναφοράνς
1401 1606 1556 1669 item
1601 1627 1661 1689 p.
1706 1604 1866 1691 966,
1910 1606 1951 1669 3
1997 1608 2147 1690 post
2191 1603 2602 1688 παριστῶσιν
2647 1604 2718 1669 in
2763 1603 2910 1670 Vat.
2956 1602 3421 1669 interciderunt
3462 1601 3622 1668 haec
3667 1601 3892 1667 verba:
3948 1597 4057 1664 καὶ
4103 1595 4523 1665 ἀκολουθίαν

805 1706 1186 1796 πράγματος
1229 1709 1340 1776 καὶ
1382 1707 1689 1796 φράσεως
1725 1713 1976 1797 ἔχουσι·
2021 1711 2219 1776 τοῦτο
2269 1706 2344 1776 δὲ
2392 1704 2428 1775 ὁ
2476 1706 2773 1796 τεχνικός
2809 1727 3051 1796 φησιν,
3098 1705 3201 1776 ὅτι
3236 1709 3818 1794 παρασυναπτικοί
3845 1708 4037 1774 εἰσιν.
4109 1704 4271 1772 Cum
4306 1710 4521 1772 autem

808 1820 1080 1902 utroque
1117 1818 1259 1883 loco
1298 1818 1496 1884 verba
1542 1818 1784 1884 omissa
1828 1819 1893 1883 in
1941 1818 2079 1884 cod.
2124 1816 2275 1882 Bar.
2320 1816 2510 1881 unius
2555 1838 2779 1882 versus
2828 1817 3112 1901 spatium
3160 1816 3483 1901 expleant,
3537 1818 3809 1900 apparet
3853 1813 4076 1881 oculos
4117 1813 4373 1879 librarii
4420 1813 4523 1878 cui

807 1923 931 1990 hoc
977 1930 1234 2009 praesto
1284 1928 1423 1989 erat
1468 1924 1891 2010 archetypum
1938 1946 2065 1991 uno
2113 1945 2305 1989 versu
2349 1924 2649 2009 neglecto
2696 1924 2778 1989 ad
2823 1924 3268 2007 insequentem
3314 1920 3729 1987 aberravisse.

1126 2029 1585 2116 Praeterquam
1633 2036 1849 2096 autem
1894 2030 2064 2118 quod
2112 2031 2194 2096 ab
2241 2029 2429 2096 im'tio
2477 2030 2852 2096 mutilatam
2885 2029 3198 2094 habemus
3255 2028 3778 2113 explanationem
3824 2026 4120 2112 Dionysii
4173 2027 4243 2093 in
4287 2025 4522 2093 Baroc-

807 2139 1024 2221 cian0,
1066 2159 1148 2203 ne
1195 2159 1271 2203 ea
1316 2136 1572 2223 quidem
1621 2138 2064 2202 commentarii
2109 2159 2290 2223 pars,
2341 2159 2504 2223 quae
2552 2140 2807 2202 servata
2852 2139 2977 2214 est,
3023 2134 3118 2200 ita
3160 2134 3285 2200 hoc
3330 2134 3547 2200 codice
3593 2133 3961 2217 exhibetur,
4013 2135 4086 2197 ut
4130 2133 4213 2199 ab
4261 2136 4524 2199 auctore

807 2244 1166 2329 composita
1211 2249 1376 2326 erat3
1432 2242 1544 2308 sed
1587 2242 1941 2328 pleniorem
1989 2244 2396 2329 grammatici
2453 2243 2720 2309 alicuius
2775 2243 3013 2308 librum
3067 2242 3137 2306 in
3191 2240 3548 2307 breviorem
3603 2262 3767 2327 quae
3816 2239 4057 2306 tradita
4103 2244 4202 2305 est
4244 2240 4524 2305 formam

808 2352 1205 2416 contractum
1243 2370 1383 2415 esse
1416 2350 1517 2415 vel
1544 2349 1691 2415 inde
1720 2352 1925 2433 patet,
1961 2348 2132 2434 quod
2169 2370 2246 2414 ex
2273 2351 2420 2415 octo
2450 2350 2764 2415 orationis
2791 2349 3086 2434 partibus
3123 2347 3621 2433 participium
3656 2368 3924 2431 prorsus
3953 2345 4212 2412 silentio
4241 2350 4523 2430 praeter·
4601 2360 4610 2367 ·

807 2457 1076 2521 missum
1142 2460 1255 2522 est.
1355 2454 1602 2520 accedit
1664 2454 1835 2539 quod
1885 2455 2212 2521 nonnullis
2266 2456 2425 2520 locis
2483 2454 2836 2521 scholiasta
2889 2454 3070 2539 dicit,
3125 2476 3194 2519 se
3248 2453 3326 2519 de
3392 2453 3610 2538 aliqua
3664 2474 3733 2518 re
3794 2456 4024 2539 postea
4087 2453 4524 2539 expositurum

809 2584 974 2647 esse,
1029 2566 1101 2629 ut
1147 2585 1206 2648 p.
1255 2562 1403 2646 887,
1447 2562 1530 2626 27
1582 2556 1996 2645 «Πρόσωπα,
2020 2556 2284 2687 ᾳρόνοι
2328 2558 2439 2626 καὶ
2485 2564 2857 2645 συζυγιάι»·
2910 2561 3117 2627 ταῦτα
3161 2559 3238 2626 ἐν
3279 2570 3421 2637 τοῖς
3464 2560 3665 2637 ἰδίοις
3707 2555 3936 2637 τόποις
3991 2559 4413 2645 διαιροῦμεν,
4461 2564 4525 2625 et

698 2740 705 2747 ,
808 2693 869 2755 p.
914 2669 1073 2755 901,
1122 2671 1189 2735 7:
1243 2666 1444 2755 χωρὶς
1485 2667 1609 2732 τοῦ
1654 2656 1735 2752 ὦ,
1787 2665 1937 2753 περὶ
1984 2691 2067 2733 ου
2120 2664 2512 2753 λεχθήσεται
2560 2668 2729 2755 ἰδίᾳ,
2783 2661 2873 2744 ὡς
2917 2662 3043 2732 οὐκ
3087 2668 3269 2732 ἔστιν
3322 2660 3587 2751 ἄρθρον
3631 2660 3776 2731 ἀλλ’
3821 2664 4176 2751 ἐπίρρημα;
4234 2670 4524 2731 attamen

808 2777 876 2842 in
913 2776 1005 2842 eis
1044 2797 1207 2862 quae
1245 2778 1537 2841 servatae
1577 2778 1728 2840 sunt
1764 2775 2288 2841 adnotationibus
2326 2798 2460 2843 non
2494 2775 2857 2841 invenimus
2895 2796 3059 2861 quae
3096 2773 3418 2859 promissa
3455 2776 3621 2839 sunt.

1125 2881 1223 2947 De
1289 2886 1552 2948 auctore
1615 2881 1805 2946 huius
1870 2883 2314 2947 commentarii
2380 2883 2698 2968 quaestio,
2764 2905 2956 2968 quam
3021 2881 3267 2965 primus
3332 2880 3542 2947 obiter
3607 2880 3834 2967 attigit
3896 2880 4263 2966 Vhligius
4332 2876 4526 2966 (Mus-

808 2988 1016 3054 Rhen.
1068 2988 1237 3055 1864
1281 3010 1344 3073 p.
1391 2987 1477 3053 38
1524 2986 1741 3052 adnot.
1789 2986 1888 3073 8),
1943 2986 2168 3053 deinde
2214 2987 2335 3053 illo
2376 2989 2557 3054 nisus
2604 2989 2910 3055 tractavit
2952 2987 3276 3054 Hartius
3323 2985 3392 3072 (l.
3433 2986 3475 3051 l.
3511 3008 3573 3070 p.
3611 2987 3797 3068 268),
3852 2987 3933 3051 ad
3978 2987 4172 3051 finem
4219 2986 4526 3071 perducta

810 3095 1063 3160 videtur
1107 3092 2000 3159 Hoerschelmannianae
2056 3116 2249 3179 quam
2305 3118 2500 3181 supra
2544 3093 2803 3160 laudavi
2857 3094 3328 3160 dissertationis
3377 3093 3582 3158 altera
3628 3095 3814 3177 parte
3861 3089 3949 3178 (p.
3995 3093 4081 3157 42
4129 3089 4315 3178 sqq.).
4404 3090 4525 3157 De·

811 3202 1161 3286 scriptione
1217 3201 1390 3265 enim
1453 3222 1605 3290 usus
1670 3200 1907 3265 codicis
1962 3200 2384 3268 Burbonici
2430 3201 2497 3267 ΙΙ
2542 3201 2603 3267 D
2650 3204 2693 3267 4
2749 3223 2786 3266 a
2842 3199 3427 3266 Wachsmuthio
3484 3198 3728 3284 publici
3786 3199 3942 3264 iuris
4002 3199 4199 3283 facta,
4262 3200 4334 3264 in
4400 3220 4525 3285 quo

809 3308 982 3374 haud
1027 3329 1267 3392 paucae
1311 3307 1667 3392 particulae
1715 3307 2160 3372 commentarii
2210 3307 2590 3373 Barocciani
2635 3307 3051 3374 Heliodori
3088 3307 3494 3393 grammatici
3539 3328 3776 3373 nomen
3820 3305 4219 3390 adscriptum
4263 3306 4527 3390 habent,

810 3413 1229 3480 Heliodorum
1273 3414 1432 3480 haec
1478 3413 1725 3479 scholia
1769 3414 2103 3497 scripsisse
2150 3414 2401 3479 censuit
2436 3416 2541 3480 vel
2587 3415 2804 3500 potius
2842 3414 3279 3499 descripsisse;
3328 3414 3562 3478 etenim
3601 3412 3759 3478 adeo
3798 3433 3944 3476 eum
3979 3410 4528 3494 Choerobosci,

812 3542 1001 3605 quem
1048 3520 1258 3605 ipsum
1306 3520 1535 3585 harum
1587 3520 2087 3585 adnotationum
2125 3526 2453 3588 auctorem
2497 3522 2816 3607 putabant
2860 3517 3226 3606 Vhligius1)
3272 3518 3697 3606 Hartiusque‚
3747 3519 4019 3605 vestigia
4060 3519 4404 3606 pressisse,
4453 3523 4528 3584 ut

812 3648 892 3692 ne
938 3647 1048 3692 eos
1096 3626 1352 3711 quidem
1397 3627 1571 3691 locos
1620 3647 1696 3690 ex
1743 3626 1878 3691 eius
1926 3626 2093 3691 libro
2150 3626 2475 3693 dubitaret
2521 3627 2601 3692 ad
2649 3627 2914 3692 verbum
2962 3626 3346 3712 exscribere,
3402 3628 3512 3711 qui
3564 3626 3691 3692 nisi
3737 3648 3776 3691 a
3818 3623 4268 3692 Choerobosco
4305 3626 4529 3710 scripti

814 3733 1217 3818 accipiuntur
1262 3753 1455 3797 sensu
1502 3735 1747 3815 carent,
1802 3755 1876 3797 ac
1932 3733 2258 3798 rarissime
2313 3756 2390 3799 ex
2445 3733 2717 3799 aliorum
2775 3733 3031 3818 scriptis
3089 3735 3202 3798 aut
3256 3755 3371 3799 suo
3420 3734 3620 3818 ipsius
3675 3732 3938 3819 ingenio
3994 3755 4140 3798 eum
4187 3732 4524 3817 addidisse,

815 3861 978 3926 quae
998 3841 1055 3904 ‘a
1085 3837 1519 3904 Choerobosci
1557 3838 1845 3903 doctrina
1884 3839 2320 3905 abhorrerent.
2383 3839 2486 3905 Ea
2521 3841 2721 3926 igitur
2746 3843 3004 3905 tantum
3040 3862 3108 3905 re
3144 3841 3226 3905 ab
3256 3839 3505 3926 Vhligii
3544 3839 3866 3905 sententia
3901 3839 4118 3904 differt
4144 3839 4526 3905 Hoerschel-

816 3947 1188 4029 manniana,
1236 3944 1404 4030 quod
1448 3945 1553 4010 hic
1599 3967 1732 4010 non
1777 3947 2125 4031 genuinum
2164 3945 2600 4013 Choerobosci
2638 3948 3172 4013 commentarium
3218 3949 3433 4011 extare
3478 3950 3697 4031 putat,
3745 3946 3854 4012 sed
3902 3945 3983 4011 ab
4022 3944 4374 4011 Heliodoro
4423 3967 4526 4010 ex-

816 4057 1107 4136 cerptum
1154 4055 1267 4116 aut
1304 4051 1691 4136 exscriptum
1734 4052 2079 4137 paucisque
2116 4053 2318 4137 ipsius
2357 4054 2814 4120 additamentis
2852 4057 3128 4120 auctum.
3192 4051 3312 4119 Cui
3350 4053 3640 4137 opinioni
3667 4052 3859 4137 plane
3888 4052 4262 4137 adstipulor,
4308 4074 4528 4137 quam-

817 4179 1011 4242 quam
1058 4180 1255 4224 unum
1304 4162 1754 4245 argumentum
1800 4181 1924 4243 quo
1962 4159 2592 4226 Hoerschelmannus
2627 4161 2856 4226 nititur
2899 4161 3206 4226 firmitate
3243 4182 3456 4226 carere
3496 4161 3809 4227 existimo.
3881 4160 3960 4225 In
3996 4158 4318 4225 Vaticana
4354 4159 4528 4224 enim

816 4263 1191 4330 collectione
1237 4268 1463 4331 extant
1508 4264 1818 4331 nonnulla
1855 4265 2101 4331 scholia
2129 4269 2435 4350 Γεωργί
2441 4291 2531 4333 ου
2574 4268 2834 4333 nomine
2872 4270 3125 4351 notata,
3171 4289 3337 4354 quae
3375 4266 3452 4332 de
3490 4267 3730 4333 eisdem
3757 4267 3948 4332 rebus
3979 4270 4308 4350 exponunt
4333 4269 4526 4350 atque

816 4371 1312 4435 commentarius
1367 4370 1825 4456 Baroccianus,
1892 4372 2002 4437 sed
2058 4373 2202 4437 aliis
2260 4374 2496 4458 verbiS,
2552 4375 2704 4458 quin
2763 4374 2957 4440 etiam
3012 4375 3210 4439 semel
3264 4375 3382 4458 ita,
3436 4378 3511 4439 ut
3565 4374 3759 4459 plane
3817 4371 4143 4451 contraria
4202 4373 4528 4438 sententia

817 4477 1183 4561 proferatur
1231 4474 1372 4564 (cfr.
1418 4477 1566 4562 961,
1613 4478 1958 4564 27-962,
2010 4478 2089 4544 16
2137 4501 2281 4544 cum
2328 4479 2477 4565 962,
2522 4480 2867 4564 27-963,
2918 4480 3027 4563 133
3071 4479 3223 4564 966,
3271 4480 3546 4546 17—-29
3594 4501 3739 4545 cum
3784 4479 3933 4559 966,
3985 4479 4198 4562 1—63
4246 4478 4394 4562 972,
4447 4479 4529 4544 10

818 4583 1001 4649 -16
1043 4584 1122 4665 -Ι-
1164 4582 1312 4668 970,
1359 4583 1622 4650 29-33
1666 4587 1744 4667 «Ι-
1786 4586 1934 4670 970,
1981 4586 2240 4652 24-27
2290 4609 2435 4652 cum
2472 4588 2621 4672 971,
2672 4587 2885 4652 1-22
2931 4585 3147 4670 eisque
3194 4607 3356 4672 quae
3401 4586 3469 4652 in
3505 4583 3653 4652 Bar.
3701 4589 4078 4670 sequuntur:
4125 4584 4197 4650 οἱ
4228 4582 4303 4651 δὲ
4339 4585 4526 4651 ἐναν-

815 4686 1201 4778 τιωματικοὶ
1249 4689 1450 4774 δῆλοί
1488 4693 1660 4757 εἰσιν
1708 4686 1797 4769 ὥς
1841 4688 1914 4757 τὸ
1961 4691 2272 4759 ἐναντίον
2316 4696 2393 4781 τῇ
2442 4689 2725 4779 δυνάμει
2771 4693 2891 4760 τοῦ
2927 4687 3307 4778 πράγματος
3344 4693 3689 4776 δηλοῦσιν·
3738 4685 4032 4777 ἀσθενὴς
4076 4686 4200 4777 μὲν
4244 4688 4396 4776 ἐγώ,
4445 4688 4530 4757 σὺ

1141 4940 1191 5006 1)
1236 4936 1387 5006 quod
1421 4940 1613 4992 autem
1656 4936 1769 4992 iam
1810 4937 1960 5007 apud
1996 4938 2309 4993 Fabricium
2357 4938 2524 5008 (Bibl.
2562 4939 2655 4993 Gr.
2692 4938 2779 4993 ed.
2818 4939 2971 4994 Harl.
3010 4939 3086 4994 VI
3124 4958 3178 5010 p.
3217 4942 3344 5007 308)
3391 4937 3483 4993 hie
3530 4937 3959 4994 commentarius
3998 4938 4383 4997 Choerobosco
4429 4939 4529 4994 tri·

821 5024 1035 5094 buitur,
1080 5041 1192 5080 non
1228 5026 1382 5081 certa
1417 5025 1659 5094 quadam
1706 5026 1923 5080 ratione
1969 5025 2067 5082 sed
2115 5042 2238 5082 eam
2276 5027 2348 5083 ob
2394 5044 2620 5082 causam
2657 5026 2880 5083 videtur
2925 5028 3160 5094 factum,
3208 5027 3359 5097 quod
3404 5025 3550 5083 iuter
3596 5026 3711 5083 alia
3753 5025 3990 5083 aliorum
4037 5028 4530 5098 grammaticorum

819 5113 1031 5183 scripta
1066 5113 1124 5167 in
1161 5114 1279 5170 cod.
1319 5114 1445 5171 Bar.
1484 5115 1791 5184 sequuntur
1829 5112 2197 5171 Choerobosci
2231 5119 2291 5171 et
2325 5116 2396 5171 de
2431 5116 2692 5186 prosodia
2727 5106 2949 5171 libellus
2986 5118 3046 5172 et
3077 5115 3470 5187 interpretatio
3507 5116 3579 5171 ad
3618 5115 3918 5180 Theodosii
3953 5134 4209 5175 canones.
