4809 5959
1935 490 2479 560 -21-·

298 668 473 753 λέγει
524 695 628 748 —;
675 671 825 755 812,
857 671 940 736 12
986 665 1076 749 ὥς
1111 668 1223 736 καὶ
1261 665 1462 748 αὐτὸς
1496 665 1924 753 παρακατιὼν
1967 669 2144 752 λέγει
2188 696 2301 757 —3
2350 670 2500 755 859,
2542 673 2617 736 11
2669 664 2760 748 ὥς
2801 669 2912 737 καὶ
2959 663 3159 750 αὑτός
3203 688 3415 757 φησιν
3464 701 3567 753 -;
3616 674 3765 759 870,
3801 674 3889 739 24
3933 667 4025 752 ὥς

296 774 408 842 καὶ
464 770 665 854 αὐτός
717 796 930 863 φησιν
979 804 1085 855 -3
1133 778 1257 844 871
1269 828 1289 863 ,
1341 779 1373 842 1
1436 771 1528 855 ὥς
1569 774 1681 842 καὶ
1736 771 1939 855 αὑτὸς
1992 773 2322 861 παρέθετο
2371 774 2520 864 —);
2576 778 2687 844 sed
2740 801 2897 864 prae
2952 778 3181 844 ceteris
3236 779 3319 845 ad
3371 778 3766 865 Dionysium
3824 780 4023 866 signi-

296 883 616 949 ficandum
663 883 1047 950 vocabulum
1093 877 1129 950 6
1176 881 1472 967 τεχνικός
1506 883 1861 968 adamavit,
1907 884 2079 970 quod
2114 883 2262 968 plus
2302 906 2494 968 quam
2533 884 2962 971 quadragiens
2999 886 3082 952 ab
3115 907 3191 952 eo
3220 890 3599 970 usurpatum
3628 890 3753 972 est,
3797 891 4024 954 contra

298 1011 338 1054 a
382 988 791 1076 Melampode
836 991 1181 1057 undeciens
1227 993 1500 1056 tantum.

615 1097 675 1163 2.
748 1097 1113 1164 Identidem
1174 1097 1243 1162 in
1294 1096 1582 1163 tironum
1644 1119 1832 1163 usum
1888 1098 2377 1184 grammaticam
2433 1120 2473 1163 a
2528 1095 2846 1181 Dionysio
2902 1100 3329 1183 compositam
3369 1094 3527 1165 'esse
3582 1097 4022 1185 Stephanus

295 1204 560 1287 repetit3
617 1225 890 1289 quorum
936 1204 1224 1270 locorum
1269 1194 1550 1270 indicem
1593 1203 1698 1271 hic
1744 1203 2097 1289 proferam:
2155 1203 2311 1288 735,
2356 1204 2444 1271 29
2490 1201 2600 1270 καὶ
2645 1203 2957 1289 λέγομεν,
3012 1200 3114 1271 ὅτι
3158 1200 3325 1288 πρὸς
3376 1205 3855 1290 εἰσαγομένους
3898 1201 4024 1274 οὐκ

296 1304 830 1395 άκριβολογετται
867 1346 951 1358 -
1003 1311 1150 1395 738,
1180 1313 1260 1376 11
1300 1306 1460 1395 μετὰ
1495 1305 1571 1376 τὸ
1609 1310 2019 1396 διδαχθῆναι
2054 1307 2175 1377 τὸν
2221 1306 2661 1396 εἰσαγόμενον
2702 1306 2781 1377 τὸ
2824 1312 3043 1390 καλῶς
3085 1307 3570 1397 ἀναγινώσκειν
3608 1350 3693 1362 -
3753 1314 3898 1397 739,
3939 1314 4022 1380 16

294 1417 561 1499 πρῶτον
605 1413 940 1501 μανθάνει
987 1410 1022 1482 6
1072 1412 1531 1501 εἰσαγόμενος,
1578 1411 1680 1483 ὅτι
1708 1453 1792 1464 -
1870 1417 2017 1502 740,
2054 1418 2143 1483 30
2176 1412 2424 1501 μαθων
2468 1413 2506 1482 6
2543 1413 2976 1502 εἰσαγόμενος
3012 1413 3092 1484 τὰ
3127 1417 3577 1505 προειρημένα
3601 1417 3715 1485 καὶ
3743 1422 4021 1505 ἔμφρων

296 1518 657 1607 γενόμενος
715 1559 789 1570 -
864 1522 1020 1609 742,
1065 1524 1151 1590 28
1208 1540 1455 1601 σκοπος
1515 1519 1644 1607 γὰρ
1702 1516 1881 1614 αὐτῷ
1945 1517 2114 1609 πρὸς
2173 1521 2651 1607 εἰσαγομένους
2700 1519 2988 1608 γράφειν
3057 1561 3134 1572 -
3212 1526 3367 1610 754,
3427 1526 3503 1590 11
3564 1522 3784 1591 ἐκεῖνα
3847 1520 4022 1610 μόνα

294 1630 596 1713 πειρᾶται
641 1628 1093 1713 παραβάλλειν
1138 1623 1176 1694 6
1222 1625 1543 1715 τεχνικός,
1588 1624 1715 1695 ὅσα
1754 1639 1896 1707 τοῖς
1931 1626 2391 1714 εἰσαγομένοις
2436 1624 2722 1714 ὠφελεῖν
2769 1628 3050 1696 δύναται
3087 1667 3170 1679 -
3223 1630 3379 1711 759,
3416 1630 3503 1697 26
3549 1627 3804 1697 σκοπὸν
3850 1633 4021 1715 ἔχων

296 1729 334 1801 6
379 1733 680 1822 τεχνικὸς
722 1734 1167 1820 εἰσαγωγικὴν
1210 1732 1498 1821 γράφειν
1540 1733 1782 1820 τέχνην
1825 1771 1910 1782 --
1962 1736 2118 1821 772,
2170 1736 2250 1802 13
2306 1734 2418 1802 καὶ
2465 1735 2763 1802 ἐνταῦθα
2808 1732 3062 1803 σκοπὸν
3117 1739 3250 1822 ἔχει
3295 1733 3737 1823 εἰσαγωγικὴν
3782 1735 4023 1822 τέχνην

294 1840 581 1931 γράφειν
632 1880 718 1890 -
777 1842 931 1927 801,
985 1843 1066 1908 21
1123 1837 1291 1928 πρὸς
1343 1840 1817 1927 εἰσαγομένους
1877 1838 2006 1926 γὰρ
2060 1838 2305 1929 γράφει
2358 1878 2445 1891 -
2502 1843 2660 1928 803,
2709 1845 2788 1909 17
2847 1838 3074 1929 ἐπειδὴ
3132 1839 3379 1921 σκοπὸς
3430 1838 3610 1934 αὐτῷ
3665 1840 3833 1931 πρὸς
3893 1846 4021 1909 εἰσ-

294 1948 667 2035 αγομένους
719 1945 1006 2034 γράφειν
1056 1985 1131 1996 —
1191 1949 1348 2032 809,
1393 1950 1477 2015 27
1535 1943 1627 2027 ὡς
1677 1945 1842 2035 πρὸς
1899 1947 2376 2035 εἰσαγομένους
2429 1944 2906 2034 διαλεγόμενος
2963 1986 3038 1998 -
3101 1950 3258 2036 815,
3305 1951 3346 2017 8
3402 1948 3562 2036 μετὰ
3614 1947 3834 2034 πάσης
3885 1948 4019 2015 ἐπι-

294 2051 546 2140 στήμης
596 2053 1099 2141 προσαγόμενος
1149 2050 1308 2132 τοὺς
1368 2054 1843 2141 εἰσαγομένους
1901 2093 1976 2104 -
2038 2057 2196 2141 821,
2249 2056 2291 2122 6
2347 2059 2523 2141 φασί
2567 2079 2745 2135 τινες
2808 2050 2892 2122 οὑ
2949 2057 3166 2135 καλῶς
3227 2054 3302 2121 έν
3361 2056 3760 2143 εἰσαγωγικῇ
3820 2054 4017 2143 τέχνῃ

292 2159 547 2245 γράψαι
591 2158 713 2228 τὸν
750 2162 1125 2229 Διονύσιον
1177 2198 1250 2210 -
1306 2162 1465 2247 871,
1508 2163 1552 2228 2
1606 2157 1698 2240 ὡς
1748 2160 1859 2230 καὶ
1904 2157 2106 2241 αὐτὸς
2148 2160 2508 2246 παρέθετο,
2563 2157 2600 2228 6
2653 2157 2867 2247 Φρύξ,
2910 2161 3242 2247 Γαλάτης,
3296 2157 3388 2240 ὡς
3432 2160 3506 2229 έν
3553 2164 3885 2249 εἰσαγωγῇ
3937 2199 4013 2211 -

295 2269 446 2352 892,
489 2269 577 2335 26
623 2263 789 2353 πρὸς
830 2267 1307 2354 εἰσαγομένους
1351 2266 1825 2354 διαλεγόμενος
1867 2263 2238 2354 άναγκαῑον
2282 2262 2579 2353 ἡγήσατο
2622 2303 2698 2315 -
2749 2268 2899 2352 903,
2937 2268 2979 2334 3
3023 2263 3191 2352 πρὸς
3226 2268 3702 2354 εἰσαγομένους
3736 2265 4021 2354 γράφων

294 2368 331 2440 6
386 2373 685 2461 τεχνικός
746 2412 831 2423 —
896 2374 1055 2460 906,
1112 2377 1196 2441 14
1247 2370 1417 2460 πρὸς
1478 2373 1953 2461 εἰσαγόμενους
2014 2370 2484 2459 διαλεγόμενος
2541 2367 2952 2452 άδιαστόλως
3010 2411 3110 2441 -.
3210 2373 3393 2452 Quod
3451 2396 3533 2440 ne
3593 2374 4018 2461 Melampus

295 2482 552 2569 quidem
602 2482 1036 2567 compluribus
1084 2482 1243 2549 locis
1289 2503 1788 2549 commemorare
1834 2503 2382 2569 supervacaneum
2425 2484 2643 2566 putat,
2693 2481 2804 2547 sed
2852 2482 2933 2547 ad
2978 2481 3428 2548 introducendi
3474 2483 3739 2548 verbum
3787 2481 4018 2548 addere

291 2588 607 2655 nonnulla
660 2588 851 2671 solet,
905 2610 1068 2674 quae
1121 2589 1192 2654 in
1249 2586 1565 2672 Stephani
1621 2587 1884 2655 scholiis
1937 2610 2074 2654 non
2126 2588 2458 2674 leguntur:
2513 2589 2672 2673 802,
2719 2589 2759 2655 8
2815 2582 2959 2654 ἀλλ’
3011 2584 3103 2667 ὥς
3157 2587 3231 2654 έν
3283 2585 3707 2674 ὑπομνήματι
3761 2581 3806 2674 ἤ
3851 2585 4020 2674 πρὸς

293 2692 770 2780 εἰσαγομένους
812 2689 1195 2779 γράφοντας
1234 2732 1311 2742 —
1363 2695 1512 2780 819,
1558 2695 1640 2761 19
1687 2694 1878 2761 δοκεῖ
1918 2689 2007 2772 ὥς
2051 2689 2221 2778 πρὸς
2263 2693 2738 2780 εἰσαγομένους
2775 2687 2816 2779 ἦ
2862 2688 2953 2773 ὥς
2998 2692 3073 2761 έν
3117 2688 3545 2779 ὑπομνήματι
3589 2696 3806 2773 καλῶς
3842 2697 4018 2781 εἰρη-

291 2798 479 2866 κέναι
527 2836 610 2848 -
661 2802 810 2887 819,
856 2802 945 2867 24
988 2795 1154 2886 πρὸς
1198 2799 1673 2887 εἰσαγομένους
1716 2792 1758 2886 ἢ
1807 2795 1896 2878 ὥς
1942 2798 2017 2865 έν
2061 2794 2488 2886 ὑπομνήματι
2532 2796 2817 2885 γράφων
2868 2837 2943 2849 -
2997 2801 3154 2886 828,
3200 2800 3289 2867 25
3333 2795 3425 2877 ὥς
3465 2795 3633 2885 πρὸς
3677 2802 4017 2887 εἰσαγομέ-

294 2930 459 2986 νους
493 2901 536 2994 ἢ
583 2903 673 2987 ὥς
721 2906 796 2975 έν
830 2902 1258 2994 ὑπομνήματι
1294 2905 1578 2993 γράφων
1620 2944 1695 2956 -
1748 2908 1897 2993 837,
1925 2906 1967 2973 5
2005 2930 2094 2985 ως
2127 2901 2295 2993 πρὸς
2329 2903 2881 2992 εἰσαγομένους”
2839 2931 2986 2992 ητοι
3025 2906 3100 2974 έν
3135 2901 3563 2992 ὑπομνήματι
3600 2905 3884 2993 γράφων
3913 2945 4017 2974 --.

614 3016 674 3081 3.
745 3015 879 3082 Ubi
923 3015 989 3080 id
1036 3015 1177 3103 agit
1217 3015 1667 3101 MelampuS,
1710 3020 1786 3080 ut
1829 3035 2052 3082 vocem
2098 3014 2315 3079 minus
2362 3015 2669 3080 usitatam
2707 3015 3164 3100 interpretetur
3199 3014 3610 3099 frequentata
3655 3020 3769 3080 aut
3805 3015 4017 3101 addat,

295 3143 460 3207 quae
507 3121 897 3187 sententiam
935 3143 1117 3187 suam
1156 3122 1508 3208 illustrent,
1552 3126 1810 3207 praeter
1841 3117 1990 3207 ἤτοι
2028 3124 2095 3187 et
2128 3117 2426 3187 τουτέστι
2463 3120 2802 3204 vocabula,
2846 3120 3183 3207 utriusque
3212 3120 3600 3187 scholiastae
3637 3123 4018 3210 communia,

294 3249 607 3313 usurpare
655 3228 820 3294 solet
864 3225 1061 3313 φημὶ
1108 3226 1196 3294 δέ
1238 3226 1656 3315 (particulam
1700 3224 1776 3293 δὲ
1820 3248 1966 3293 raro
2004 3225 2369 3314 omittens),
2416 3249 2579 3313 quae
2616 3227 2814 3293 verba
2857 3227 3030 3312 apud
3068 3225 3465 3314 Stephanum
3511 3248 3643 3294 non
3682 3228 4014 3315 leguntur:

351 3389 501 3474 738,
545 3389 655 3454 333
703 3386 768 3467 ἐξ
815 3381 1066 3473 αὐτῶν,
1111 3384 1283 3472 φημὶ
1330 3383 1407 3452 δὲ
1451 3389 1588 3453 τω”ν
1630 3384 1897 3471 τρόπων
1943 3425 2027 3436 -
2157 3388 2305 3473 831,
2350 3390 2463 3454 263
2511 3385 2682 3473 φημὶ
2732 3383 2806 3454 δὲ
2850 3387 2941 3476 τῷ
2976 3382 3238 3475 Ὁμήρῳ
3288 3424 3361 3433 -

353 3496 500 3580 756,
544 3495 657 3561 283
702 3493 873 3579 φημὶ
919 3492 995 3559 δὲ
1040 3488 1078 3560 6
1127 3486 1281 3573 ὀξὺς
1323 3493 1435 3560 καὶ
1481 3488 1517 3561 ὅ
1564 3491 1776 3581 βαρύς
1826 3531 1899 3542 ·-
2157 3495 2307 3580 834,
2350 3495 2464 3561 313
2510 3491 2681 3579 φημὶ
2718 3490 2794 3559 δὲ
2838 3490 2914 3558 τὸ
2963 3494 3006 3559 δ
3048 3514 3097 3559 π
3142 3510 3184 3558 σ
3225 3516 3264 3558 τ
3311 3529 3394 3540 -

353 3602 500 3686 758,
551 3601 658 3667 133
705 3599 876 3686 φημὶ
923 3596 998 3667 δὲ
1042 3596 1161 3667 τὸν
1207 3597 1560 3688 Νικάνορα
1606 3639 1691 3650 -
2156 3602 2304 3687 841,
2356 3602 2463 3668 123
2511 3599 2680 3687 φημὶ
2728 3596 2804 3666 δὲ
2847 3599 2971 3666 τοῦ
3017 3597 3308 3686 ῥήματος
3345 3637 3430 3661 -.

351 3709 499 3796 758,
544 3708 660 3775 253
708 3704 880 3793 φημὶ
926 3703 1002 3773 δὲ
1045 3707 1126 3793 τῇ
1170 3701 1543 3794 ὑποστιγμῇ
1596 3745 1673 3756 -
2158 3709 2307 3793 841,
2351 3708 2467 3773 243
2515 3705 2685 3793 φημὶ
2732 3704 2808 3772 δὲ
2851 3703 2927 3774 τὸ
2975 3706 3153 3793 ῥῆμα
3198 3745 3285 3756 -

351 3816 498 3901 763,
544 3815 659 3881 293
708 3811 880 3898 φημὶ
925 3810 1001 3879 δὲ
1043 3815 1135 3903 τῷ
1176 3807 1594 3903 Ἀπολλωνίῳ
1646 3851 1722 3862 -
2154 3815 2303 3900 958,
2349 3815 2465 3881 323
2511 3811 2682 3898 φημὶ
2728 3810 2804 3879 δὲ
2847 3809 3012 3880 κατά
3057 3809 3182 3898 τὴν
3227 3816 3501 3879 ἔννοιαν
3549 3849 3628 3861 -

350 3923 498 4008 763,
543 3922 658 3988 323
704 3919 876 4006 φημὶ
923 3916 998 3984 δὲ
1041 3920 1158 4004 τῆς
1200 3922 1454 3998 τελείας
1505 3956 1581 3969 —-
2158 3922 2305 4005 774,
2351 3922 2425 3988 53
2513 3918 2684 4006 φημὶ
2728 3921 2819 4010 τῷ
2864 3930 2910 3986 ὓ
2953 3918 3064 3986 καὶ
3108 3920 3201 4011 τῷ
3249 3922 3302 3985 ὅ
3346 3949 3454 3967 -·

350 4030 497 4115 774,
541 4029 655 4096 203
702 4025 873 4113 φημὶ
920 4023 996 4092 δὲ
1038 4022 1161 4111 τὴν
1208 4025 1275 4107 ἐξ
1321 4022 1527 4111 ἀρχῆς
1569 4063 1656 4076 --
2154 4027 2300 4112 798,
2352 4029 2459 4092 17:
2504 4025 2615 4093 καὶ
2644 4023 2749 4092 ἐπὶ
2775 4023 3036 4092 τούτων
3064 4025 3162 4107 δέ,
3188 4025 3324 4092 τῶν
3350 4023 3657 4109 βραχέων
3682 4028 3862 4110 φημί
3873 4061 3959 4073 —-

348 4137 497 4220 804,
548 4136 655 4201 193
702 4132 875 4220 φημὶ
923 4130 997 4199 δὲ
1044 4126 1085 4219 ἦ
1129 4136 1201 4193 αἿ
1248 4134 1625 4218 δίφθογγος
1673 4169 1751 4182 -
2155 4134 2305 4218 957,
2351 4134 2466 4199 27:
2513 4131 2685 4219 φημὶ
2729 4128 2849 4198 τὸν
2893 4126 3092 4216 ἀλλά,
3134 4129 3257 4198 τὸν
3304 4124 3516 4217 αὐτάρ
3564 4165 3666 4196 -.

292 4277 619 4344 Adverbio
673 4272 924 4362 ἤγουν
977 4282 1230 4361 contra,
1286 4277 1457 4362 quod
1516 4277 1686 4362 apud
1739 4275 2286 4360 Melampodem
2341 4276 2471 4341 nisi
2525 4275 2626 4341 bis
2678 4297 2809 4341 non
2867 4275 3228 4360 invenitur,
3279 4274 3535 4358 saepius
3589 4273 3793 4339 utitur
3849 4270 4012 4339 Ste-

291 4384 616 4470 phanus:
667 4385 824 4469 742,
869 4384 982 4450 21:
1028 4379 1244 4469 ἤγουν
1288 4378 1669 4466 άνάγνωσίς
1714 4381 1851 4449 έστι
1896 4374 2207 4465 προφορὰ
2252 4374 2664 4458 ἀδιάπτωτος
2704 4416 2780 4429 ·-
2834 4381 2981 4466 747,
3017 4382 3126 4445 113
3171 4373 3214 4464 ἡ
3262 4376 3335 4444 έν
3381 4376 3570 4468 μέσφζ
3602 4380 3772 4445 λαοῦ
3817 4402 4012 4463 κατη-

290 4493 489 4576 γορία
532 4486 749 4575 ἤγουν
795 4491 1224 4576 δημοσίευσις
1268 4528 1355 4538 --
1404 4491 1559 4574 750,
1606 4489 1691 4556 23
1747 4483 1973 4574 ἐπειδὴ
2030 4487 2102 4554 οἰ
2148 4483 2544 4572 τεθνηκότες
2598 4489 2893 4564 ἔλλειψίν
2944 4510 3096 4553 τινα
3142 4488 3412 4571 ἔχουσιν
3455 4480 3671 4570 ἤγουν
3725 4487 3848 4553 τοί
3895 4485 4013 4581 ζῇν

302 4632 374 4644 -
430 4596 576 4680 750,
622 4598 709 4664 32
744 4590 786 4682 ἢ
824 4598 1114 4683 λιγυρῶς
1156 4593 1372 4682 ἤγουν
1416 4597 1751 4682 γλυκερῶς
1791 4633 1865 4643 -
1922 4594 2069 4680 754,
2111 4594 2191 4660 19
2237 4593 2354 4679 τῆς
2397 4592 2803 4678 ἐναρμονίου
2845 4593 3078 4678 φωνῆς
3121 4588 3338 4677 ἤγουν
3381 4594 3498 4678 τῆς
3533 4589 3878 4680 ἐνάρθρου
3923 4628 4007 4640 -

296 4704 445 4786 763,
471 4704 514 4769 2
559 4698 641 4771 τὰ
677 4700 753 4770 δὲ
795 4703 1020 4780 ποσῶς
1061 4703 1522 4770 κοινωνοῦντα
1566 4698 1780 4788 ἤγουν
1825 4696 2269 4786 πλησιάζοντα
2304 4737 2389 4747 -—
2433 4700 2580 4786 791,
2608 4701 2648 4766 8
2694 4694 2934 4785 φωνὴν
2970 4695 3187 4784 ἤγουν
3223 4696 3606 4785 έκφιόνησιν
3640 4695 4011 4766 ἀποτελοῦν

293 4846 377 4859 -
428 4809 579 4895 870,
623 4812 667 4876 4
711 4806 785 4876 τὸ
832 4806 957 4894 μὲν
1003 4807 1407 4895 σεμνότερον
1454 4806 1670 4894 ἤγουν
1714 4804 2143 4894 ἐντιμότερον
2187 4816 2326 4885 τοῖς
2371 4813 2561 4885 θεοῖς
2604 4844 2709 4873 -.
