4809 5959
2412 485 2843 553 ...42-

765 666 998 751 φωνῆς
1043 660 1446 752 ἀκολουθίᾳ·
1503 661 1611 731 διὸ
1667 662 1778 730 καὶ
1822 658 2185 749 θεματικάς
2229 657 2434 740 αὐτὰς
2477 662 2830 747 καλοῦμεν.
2921 660 3100 740 Quae
3127 661 3353 745 ,verba
3411 660 3703 746 sequitur
3755 661 4210 747 pronominum
4264 680 4482 745 perso·

768 773 1015 841 nulium
1057 792 1201 839 cum
1238 770 1605 839 nominibus
1641 770 1921 856 propriis
1961 771 2448 837 coniunctorum
2495 772 2562 835 et
2604 788 2718 854 per
2752 789 2978 836 omnes
3014 788 3318 835 numeros
3356 789 3671 853 casusque
3715 766 4028 835 flexorum
4065 767 4486 833 enumeratio.

766 880 933 945 Tum
972 879 1344 965 anteposito
1388 877 1580 944 titulo
1627 874 1825 961 Περὶ
1872 877 2025 944 τῶν
2070 871 2716 961 μονοπροσοόπων
2763 878 2830 941 et
2872 875 3243 959 praemissis
3279 874 3383 940 his
3419 874 3661 940 verbis:
3706 868 3931 958 ἐπειδὴ
3969 872 4045 937 αἱ
4076 873 4198 939 τοῦ
4233 876 4485 958 τρίτου,

765 985 933 1070 λέγω
982 982 1065 1070 δὴ
1115 981 1238 1070 τὴν
1284 984 1317 1051 ἵ
1354 981 1466 1048 καὶ
1510 978 1629 1062 τὰς
1674 978 1789 1049 ἀπ’
1843 978 2049 1068 αὐτῆς
2091 981 2507 1068 κεκλιμένας,
2564 975 2934 1065 ἀσυνήθεις
2986 969 3192 1066 ἦσαν,
3247 981 3515 1067 ἐξεῦρεν
3561 974 3726 1066 ἡμῖν
3771 975 3918 1047 ἀντ’
3979 979 4235 1064 ἐκείνης
4278 974 4488 1058 ἄλλας

697 1110 729 1159 5
767 1087 810 1177 ἡ
857 1090 1050 1177 τέχνη
1098 1087 1452 1175 συνήθεις,
1499 1092 1574 1155 αἲ
1612 1090 1975 1157 καλοῦνται
2021 1085 2540 1174 μονοπρόσωποι
2593 1124 2667 1135 -
2720 1087 3110 1154 declinatum
3166 1088 3453 1155 videmus
3509 1108 3712 1174 genus
3767 1086 4195 1154 masculinum
4250 1108 4486 1172 prono·

765 1199 1012 1265 minum
1059 1185 1287 1281 οὗτος,
1345 1190 1577 1280 αὐτός,
1633 1194 1914 1279 ἐκεῖνος,
1971 1190 2118 1279 ὅδε,
2174 1195 2408 1282 quibus
2462 1194 2685 1261 formis
2728 1194 2890 1261 haec
2937 1193 3153 1261 addita
3199 1200 3352 1262 sunt
3395 1195 3620 1263 verba:
3675 1195 3772 1261 ἔτι
3817 1190 3894 1261 δὲ
3937 1190 4049 1259 καὶ
4095 1186 4138 1276 ἡ
4186 1186 4224 1259 ὁ
4271 1195 4488 1278 δεῖνα,

767 1301 909 1390 ἥτις
952 1302 1241 1371 κέκλιται
1287 1303 1520 1388 διχῶς,
1567 1302 1689 1368 τοῦ
1737 1303 1957 1380 δεῖνος
2000 1298 2113 1367 καὶ
2155 1303 2279 1371 τοῦ
2325 1303 2645 1380 δείνατος.

1083 1409 1186 1483 Ea
1232 1414 1447 1477 autem
1494 1431 1659 1494 quae
1704 1409 2067 1495 insequitur
2120 1412 2332 1494 parte,
2387 1407 2606 1475 addito
2658 1408 2853 1479 titulo
2912 1405 3109 1493 Περὶ
3163 1408 3550 1494 κτητικῶν
3605 1403 4131 1493 ἀντωνυμιῶν
4185 1412 4488 1494 etprae-

766 1519 981 1589 missis
1026 1518 1162 1585 his:
1209 1518 1285 1581 αἱ
1325 1513 1401 1583 δὲ
1437 1512 1731 1600 κτητικαὶ
1770 1516 1904 1581 τῶν
1941 1510 2382 1600 ἀντωνυμιῶν
2419 1512 2805 1601 παράγωγοι
2844 1512 2967 1601 μέν
3005 1516 3202 1583 εἰσιν·
3247 1512 3660 1602 παράγονται
3695 1511 3824 1601 γὰρ
3863 1509 3994 1581 ἀπὸ
4030 1515 4167 1582 τῶν
4201 1514 4490 1598 γενικῶν

664 1642 730 1691 10
766 1626 903 1693 τῶν
948 1620 1401 1709 πρωτοτόκων
1445 1619 1557 1687 καὶ
1605 1622 1881 1706 δηλοῦσι
1931 1617 2256 1705 πρόσωπα
2302 1617 2462 1704 δύο,
2505 1617 2581 1688 τὸ
2629 1623 2753 1689 τοῦ
2797 1618 3116 1707 κτήτορος
3149 1620 3262 1687 καὶ
3299 1624 3420 1689 τοῦ
3455 1618 3782 1707 κτήματος
3821 1658 3902 1671 ·-
3944 1622 4108 1688 satis
4144 1621 4486 1687 verbosum

766 1733 837 1798 in
882 1731 1145 1798 modum
1193 1730 1532 1819 exponitur
1574 1729 1764 1796 flexio
1809 1728 2267 1814 pronominum
2311 1727 2822 1813 possessivorum
2869 1724 3057 1813 έμός,
3102 1731 3447 1814 νωΐτερος,
3494 1723 3838 1815 ἡμέτερος,
3895 1725 4043 1812 σός,
4098 1728 4488 1812 σφωΐτερος,

767 1833 1110 1923 ὑμέτερος,
1159 1831 1263 1919 ὅς,
1309 1833 1654 1933 σφέτερος,
1712 1835 1807 1900 ita
1848 1840 1925 1900 ut
1969 1833 2051 1900 ad
2095 1833 2380 1903 taedium
2427 1855 2630 1919 usque
2675 1838 3034 1919 repetatur,
3089 1840 3251 1920 quot
3295 1838 3366 1902 et
3403 1831 3718 1921 κτήτορες
3763 1839 3829 1902 et
3872 1832 4167 1920 κτήματα
4215 1834 4490 1921 singulis

768 1944 997 2011 formis
1044 1942 1502 2028 significentur.
1592 1939 1671 2007 In
1723 1940 1853 2009 fine
1897 1944 2115 2007 autem
2168 1940 2372 2007 totius
2428 1940 2884 2027 disputationis
2945 1941 3081 2010 cod.
3134 1941 3199 2008 H
3251 1941 3425 2009 huno
3477 1942 3744 2028 praebet
3794 1942 4205 2009 versiculum:
4253 1935 4490 2007 Ἀντω·

768 2054 1001 2136 νυμίαι
1049 2043 1202 2135 μάλ’
1256 2050 1428 2114 ἔνθα
1474 2045 1789 2132 τέρματος
1833 2043 2077 2132 λάχον,
2119 2046 2173 2112 L
2219 2046 2479 2114 subicit:
2526 2046 2710 2126 τέλος
2755 2047 2891 2113 τῶν
2936 2042 3424 2133 ἀντωνυμιῶν]

666 2263 730 2312 ιε
2220 2245 2260 2327 ξ
2312 2243 2391 2308 18
2438 2241 2587 2309 Vhl.
2635 2241 2750 2330 (23
2795 2238 3026 2330 Bekk.)

2114 2395 2391 2472 ΠΕΡῘ
2459 2396 3140 2473 ηΡοοέΣΕΩΣ

1089 2560 1476 2649 «Πρόθεσις
1520 2565 1906 2647 προτίθεται
1961 2558 2231 2628 πάντων
2286 2562 2424 2627 τῶν
2477 2563 2600 2628 τοῦ
2653 2558 2864 2645 λόγου
2919 2562 3142 2647 μερῶν
3197 2565 3272 2629 ἒν
3329 2586 3396 2629 τε
3450 2561 3764 2630 συνθέσει
3818 2560 3930 2628 καὶ
3986 2558 4359 2640 συντάξεων·
4417 2560 4492 2626 ἐν

772 2668 895 2756 μὲν
941 2667 1247 2750 συντάξει
1295 2664 1385 2749 ὡς
1429 2665 1504 2737 τὸ
1551 2665 1743 2735 κατὰ
1798 2665 2259 2753 Τρύφωνος,
2315 2668 2389 2735 ἐν
2437 2664 2513 2734 δὲ
2558 2666 2875 2735 συνθέσει
2923 2662 3013 2747 ῶς
3056 2663 3133 2734 τὸ
3189 2666 3678 2755 πρόσφυγος·
3732 2667 3844 2735 καὶ
3896 2664 4102 2737 πάλιν
4158 2664 4233 2734 δὲ
4278 2663 4493 2745 οὕτως

771 2775 1013 2861 λόγον
1076 2776 1490 2862 προσλαλῶ
1555 2771 1986 2860 παρεστώς,
2050 2769 2125 2841 τὸ
2180 2771 2584 2858 παρεστώς
2638 2772 2750 2839 καὶ
2804 2776 3220 2859 προσλαλῶ
3277 2775 3352 2843 έν
3406 2767 3753 2859 συνθέσει,
3815 2770 3894 2841 τὸ
3953 2775 4358 2842 καταλαλῶ
4417 2774 4490 2840 ἐν

668 2901 736 2951 20
773 2881 1139 2969 παραθέσει
1194 2880 1362 2969 (sio).
1460 2879 1909 2948 Συντάττεται
1964 2878 2039 2949 δὲ
2093 2877 2248 2966 μεθ’
2309 2877 2593 2948 ἑκάστου
2646 2879 2920 2966 μέρους,
2984 2876 3146 2967 μετὰ
3212 2876 3540 2968 ὀνόματος
3602 2877 3795 2968 πρὸς
3851 2876 4264 2966 Ἰωάννην,
4328 2875 4489 2965 μετὰ

773 2988 1064 3076 ῥήματος
1098 2994 1550 3073 καταλαλεῖ,
1597 2984 1728 3054 σὺν
1765 2988 2004 3074 μετοχῇ
2044 2986 2538 3073 μεταφέρων,
2585 2983 2711 3054 σὺν
2751 2983 2988 3078 ἅρθρῳ
3036 2982 3207 3074 μεθ’
3259 2977 3351 3055 οτῖ
3387 2978 3676 3074 ἦλθον,
3721 2984 3851 3055 σὺν
3888 2983 4275 3076 ἀντωνυμίᾳ
4312 2981 4485 3072 μεθ’

771 3091 1022 3182 ἡμῶν,
1076 3090 1213 3180 μετ’
1275 3090 1715 3181 έπιρρήματος
1768 3092 2141 3180 προχθές,
2197 3088 2358 3179 μετὰ
2414 3092 2794 3180 συνδέσμου
2847 3089 3041 3180 πρὸς
3094 3089 3158 3160 δ’
3219 3094 3355 3181 ἐμέ
3396 3093 3485 3182 (Χ
3531 3095 3676 3183 59),
3740 3091 3900 3182 μετὰ
3945 3096 4064 3180 τῆς
4108 3091 4492 3179 προθέσεως

775 3200 1264 3285 ἐξυπανέστη
1310 3198 1399 3289 (Β
1445 3200 1635 3288 267),
1681 3199 1792 3266 καὶ
1839 3195 2064 3279 ἁπλῶς
2110 3202 2321 3267 εἰπεῖν
2365 3196 2637 3267 πάντων
2683 3201 2818 3268 τῶν
2862 3202 2985 3266 τοῦ
3032 3200 3240 3285 λόγου
3293 3204 3515 3287 μερῶν
3569 3205 3974 3287 προτίθεται.
4066 3198 4307 3267 «Εἰσὶν
4365 3188 4491 3266 οὖν

774 3327 979 3376 πασαι
1026 3310 1101 3375 αἰ
1141 3307 1496 3394 προθέσεις
1541 3303 2018 3391 ὀκτωκαίδεκα,
2064 3302 2560 3393 μονοσύλλαβοι
2606 3304 2729 3391 μὲν
2774 3305 2873 3389 ἕξ,
2921 3308 3026 3389 ἒν,
3073 3307 3170 3390 ἒξ,
3217 3312 3341 3391 εἷς,
3388 3304 3549 3393 σύν,
3606 3304 3768 3394 πρό,
3825 3304 4022 3394 πρός,
4077 3308 4323 3386 αἵτινες
4367 3301 4493 3372 οὐκ

669 3434 737 3484 25
776 3413 1349 3502 ἀναστρέφονται)
1405 3410 1556 3482 οὐδ’
1625 3411 2134 3500 ἀναπέμπουσιν
2189 3410 2434 3481 ὄπισθε
2486 3409 2609 3480 τὸν
2661 3409 2899 3496 τόνον,
2958 3406 3049 3491 ὥς
3100 3407 3180 3479 τὸ
3230 3410 3392 3479 κάτ’
3454 3410 3702 3501 ἀρχάς
3753 3413 3865 3480 καὶ
3917 3410 3995 3480 τὸ
4051 3409 4213 3479 κάτ’
4274 3413 4492 3538 ἐμοῦ·

775 3518 964 3590 κατὰ
1029 3518 1273 3608 ἀρχάς
1326 3544 1456 3606 γαρ
1510 3509 1598 3606 ἦν
1652 3519 1763 3587 καὶ
1818 3545 2011 3588 κατα
2066 3521 2290 3606 ἐμοῦ,
2345 3518 2458 3586 καὶ
2512 3521 2652 3588 τῶν
2704 3514 2880 3585 οὕτω
2939 3516 3366 3603 δισυλλάβων
3417 3519 3840 3606 προθέσεων,
3904 3518 4116 3606 μόνης
4167 3521 4285 3604 τῆς
4344 3510 4494 3585 σύν

775 3629 1159 3717 προθέσεως
1220 3625 1665 3712 πεπονθῶσης
1720 3627 1871 3715 (sio)
1925 3628 1998 3695 ἐν
2061 3623 2624 3713 μονοσυλλάβοις,
2689 3621 2779 3705 ῶς
2843 3625 2916 3693 έν
2980 3627 3059 3713 τῇ
3113 3623 3341 3712 χρήσει
3388 3626 3598 3713 φησὶν
3652 3617 3901 3712 ἦλθεν
3957 3622 4495 3712 ἀργυρότοξος

770 3733 1159 3822 Ἀρτέμιδι
1207 3732 1348 3816 ξὺν
1397 3733 1684 3823 (0410),
1731 3730 1882 3801 ἀντὶ
1928 3736 2051 3802 τοῦ
2095 3724 2343 3819 ἦλθεν
2389 3728 2928 3819 ἀργυρότοξος
2974 3729 3124 3801 σὺν
3166 3729 3571 3821 Ἀρτέμιδι.
3652 3737 3971 3814 Σπανίως
4007 3731 4083 3800 δὲ
4116 3730 4227 3798 καὶ
4265 3733 4496 3798 τοῦτο·

779 3838 860 3909 οὐ
906 3839 1033 3929 χρὴ
1079 3844 1251 3927 γοῦν
1293 3838 1369 3908 τὸ
1418 3838 1705 3908 σπάνιον
1752 3842 1847 3920 εἰς
1889 3838 2242 3926 κοινότητα
2288 3836 2851 3925 παραλαμβάνειν.
2934 3836 3398 3925 «Δισύλλαβοι
3436 3839 3516 3906 δέ
3549 3836 3675 3907 δύο
3711 3837 3823 3906 καὶ
3859 3839 4048 3925 δέκα,
4096 3835 4258 3924 ἀνά,
4303 3834 4496 3920 κατά,

670 3965 740 4016 30
777 3946 922 4033 διά,
969 3946 1161 4035 μετά,
1207 3945 1417 4034 παρά,
1464 3942 1646 4032 ἀντί,
1695 3946 1829 4031 ἐπί,
1876 3950 2057 4033 περί,
2103 3941 2307 4032 ἀμφί,
2355 3941 2520 4030 ἀπό,
2568 3941 2734 4030 ὑπό,
2778 3940 3009 4031 ὑπέρ».

1096 4174 1326 4232 DISCR.
1368 4174 1516 4233 SGR.
1554 4175 1635 4231 IN
1670 4174 2020 4232 MLHRKP
2076 4174 2152 4231 16
2186 4172 2521 4245 προθέσεων
2546 4173 2612 4228 Κ
2632 4175 2652 4243 fl
2680 4172 2749 4228 17
2790 4175 2849 4229 τί
2877 4169 2994 4230 ἐστι
3026 4171 3327 4245 πρόθεσιςς
3364 4173 3511 4243 λέξις
3536 4173 3919 4246 προτιθεμένη
3945 4193 4003 4230 π.
4033 4175 4184 4242 HR,
4220 4171 4498 4242 πρόθεσις

779 4260 895 4322 ἔστι
930 4263 1079 4331 λέξις
1113 4263 1499 4335 προτιθεμένη
1535 4284 1592 4319 π.
1633 4263 1690 4319 Ρ
1726 4264 1735 4336 Ι
1776 4260 1949 4333 πρόθ.
1989 4294 2058 4305 -
2094 4259 2327 4335 πρόσφ.]
2366 4259 2403 4333 ἡ
2441 4259 2717 4330 πρόθεσις
2749 4264 3086 4332 προτίθεται
3124 4257 3187 4318 ἐν
3223 4261 3329 4335 μὲν
3368 4263 3435 4335 τῇ
3475 4262 3744 4320 συνθέσει
3780 4261 3903 4319 οἷον
3937 4259 4289 4335 πρόσφυγος,
4335 4264 4494 4333 περί-

777 4354 959 4424 δοξος,
997 4349 1060 4409 ἐν
1093 4353 1157 4411 δὲ
1187 4354 1253 4426 τῇ
1284 4349 1545 4420 συντάξει
1572 4351 1695 4409 οἷον
1724 4350 1806 4417 εἰς
1832 4348 1932 4408 τὸν
1961 4349 2136 4421 οἷκον,
2163 4348 2308 4408 κατὰ
2341 4349 2653 4421 Τρύφωνος
2679 4350 2745 4405 Κ
2769 4353 2780 4420 Ι
2810 4350 2909 4406 καὶ
2938 4369 3088 4408 συντ.
3118 4368 3227 4407 om.
3250 4351 3349 4423 ΡΒ
3375 4351 3451 4408 18
3480 4352 3546 4424 τῇ
3574 4352 3702 4407 add.
3723 4354 3784 4408 et
3808 4354 3940 4423 post
3964 4348 4071 4423 μὲν
4099 4353 4159 4408 et
4183 4352 4314 4422 post
4339 4350 4498 4421 prius

778 4441 843 4500 δὲ
882 4442 1009 4498 HR
1034 4446 1055 4515 ΙΙ
1079 4442 1155 4499 19
1181 4442 1399 4515 προσλ.]
1436 4442 1744 4513 παρακαλῶ
1772 4443 1848 4511 Κ,
1886 4442 2180 4510 προσκαλῶ
2207 4441 2263 4497 R
2294 4442 2304 4511 Ι
2334 4461 2465 4509 παρ.
2503 4437 2566 4496 τὸ
2603 4458 2734 4509 παρ.
2764 4455 2871 4495 om.
2901 4440 2979 4510 K,
3014 4437 3077 4495 τό
3113 4460 3245 4511 παρ.
3284 4457 3392 4496 om.
3429 4440 3486 4496 R
3511 4442 3531 4510 fl
3557 4440 3627 4495 21
3668 4436 3775 4496 σῦν
3810 4440 3953 4512 μετ.]
3992 4435 4131 4511 μετὰ
4168 4439 4406 4510 μετοχῆς
4431 4439 4508 4494 Η

790 4534 795 4604 Ι
832 4531 906 4588 22
944 4526 1084 4603 μετὰ
1122 4529 1437 4601 συνδέσμου
1475 4562 1543 4574 -
1583 4527 1681 4603 ἐμέ
1720 4534 1931 4602 transp.
1968 4531 2033 4585 Η
2064 4530 2195 4601 post
2230 4524 2581 4598 ἐξυπανέστη
2625 4531 2634 4598 Ι
2684 4524 2825 4600 μετὰ
2862 4525 3176 4599 συνδέσμου
3215 4545 3322 4585 om.
3363 4529 3439 4584 Μ
3444 4529 3564 4584 LR
3612 4531 3621 4597 Ι
3671 4547 3738 4600 με
3778 4546 3884 4585 om.
3923 4529 3988 4582 Κ
4027 4530 4093 4583 ut
4135 4530 4310 4584 testei:
4351 4523 4498 4597 πρὸς

779 4619 844 4677 δέ
886 4623 896 4691 Ι
936 4620 1037 4690 τῆς
1073 4636 1179 4676 om.
1219 4619 1431 4688 RKP;
1473 4638 1545 4677 an
1583 4614 1707 4691 μετ’
1748 4615 1951 4689 dium?
1987 4622 2008 4689 ΙΙ
2047 4617 2123 4675 28
2160 4608 2288 4689 οὖν]
2325 4615 2390 4674 δὲ
2429 4618 2508 4688 L,
2553 4609 2657 4674 οὖν
2694 4614 2759 4674 δὲ
2795 4617 2862 4672 Κ
2898 4620 2921 4688 ΙΙ
2954 4616 3030 4673 24
3066 4616 3195 4690 μὲν]
3233 4616 3338 4689 μὲν
3375 4613 3479 4674 οὖν
3515 4617 3657 4675 εἰσὶν
3693 4618 3847 4688 HR,
3885 4616 4027 4674 εἰσὶν
4067 4618 4124 4672 P
4161 4621 4169 4684 Ι
4212 4613 4275 4673 ἐν
4313 4615 4393 4681 εἰς
4431 4612 4498 4683 ἐξ

781 4705 884 4766 σόν
920 4706 1062 4781 πρός
1095 4704 1204 4779 πρό
1244 4709 1307 4764 H
1314 4709 1546 4781 RKPu
1570 4707 1645 4765 25
1682 4704 1812 4765 οὔδ’
1854 4703 2054 4780 ἀναπ.]
2093 4702 2231 4763 οὐδὲ
2270 4704 2589 4777 πέμπουσιν
2625 4706 2752 4762 HR
2782 4709 2791 4776 Ι
2823 4702 2898 4770 ὡς
2933 4703 2997 4761 τὸ
3034 4703 3352 4777 πέμπουσιν
3384 4707 3511 4763 HR
3542 4708 3551 4778 Ι
3582 4702 3658 4770 ὥς
3692 4704 3755 4762 τὸ
3792 4704 4097 4778 λεγόμενον
4135 4700 4199 4762 ἐν
4235 4701 4498 4761 δισυλλά-

782 4801 902 4873 βοις
936 4800 1083 4856 νεῶν
1119 4793 1250 4855 ἄπο.
1323 4794 1716 4871 ἀγαμέμνονος
1751 4796 1896 4869 πέρι.
1935 4795 2035 4852 καὶ
2070 4792 2132 4852 τὸ
2171 4789 2302 4851 κατ’
2342 4791 2465 4865 ἀρχ.
2502 4795 2568 4850 Κ
2589 4798 2609 4865 fl
2635 4794 2705 4851 27
2746 4791 3110 4865 πεπονθόσης
3145 4795 3231 4864 Η,
3272 4791 3673 4866 πεπονθοῦσης
3706 4795 3773 4850 Κ
3792 4797 3815 4867 ΙΙ
3848 4795 3924 4852 28
3955 4791 4086 4867 Ἄρτ.
4124 4826 4190 4835 -
4230 4789 4495 4865 ἀργυρότ.

782 4906 889 4946 om.
931 4888 988 4944 P
1016 4892 1024 4957 Ι
1057 4883 1185 4943 ἀντὶ
1223 4919 1289 4928 —-
1322 4882 1523 4958 Ἅρτέμ.
1564 4903 1672 4944 om.
1709 4887 1775 4942 K
1800 4891 1810 4955 Ι
1841 4885 1938 4942 καὶ
1976 4901 2083 4941 om.
2122 4885 2191 4940 H
2210 4886 2230 4955 ΙΙ
2255 4883 2331 4940 29
2367 4883 2531 4956 γοῦν]
2568 4881 2675 4955 γὰρ
2712 4874 2817 4939 οὖν
2853 4885 2939 4954 Κ,
2976 4880 3085 4954 γὰρ
3125 4884 3204 4952 Ρ,
3240 4883 3304 4941 δὲ
3342 4885 3399 4940 R
3441 4886 3464 4954 ΙΙ
3506 4883 3584 4941 80
3618 4879 3791 4956 ὑπέρ,
3829 4885 4038 4947 αἵτινες
4074 4878 4502 4953 ἀναστρέφουσι

780 4974 880 5032 τὸν
916 4973 1110 5046 τόνον,
1157 4975 1323 5047 χωρὶς
1357 4975 1458 5031 τοῦ
1496 4970 1610 5030 ἀνά
1648 4973 1745 5029 καὶ
1780 4969 1926 5029 κατά
1964 4973 2061 5029 καὶ
2097 4971 2220 5043 διά,
2268 4973 2364 5028 ἵνα
2410 4969 2488 5044 μὴ
2535 4972 2852 5044 συνεμπέσῃ
2889 4973 2965 5047 τῷ
3003 4973 3115 5031 Ζεῦ
3152 4969 3266 5029 ἄνα
3302 4972 3401 5029 καὶ
3435 4975 3550 5027 Δία
3595 4971 3695 5028 καὶ
3738 4970 3885 5028 κάτα
3928 4973 4053 5043 (sic)
4090 4967 4498 5045 ἀπορηματικῷ

783 5064 1101 5138 συνδέσμῳ,
1140 5065 1237 5119 καὶ
1273 5060 1419 5119 κατὰ
1453 5058 1805 5133 συναλοιφὴν
1841 5057 2209 5119 ἀπολείπουσι
2245 5058 2308 5118 τὸ
2348 5063 2667 5134 καταλῆγον
2703 5058 2894 5119 αῦτῶν
2932 5063 3188 5133 φωνῆεν,
3230 5061 3352 5119 οἷον
3390 5057 3522 5118 κατ’
3563 5056 3731 5134 ἐμοῦ,
3770 5057 3864 5118 ἐπ’
3904 5057 4031 5133 ἐμὲ,
4070 5055 4219 5134 ἀμφ’
4261 5056 4498 5131 ἀγαθὸν

782 5150 1147 5222 θεράποντα·
1186 5148 1332 5222 πλὴν
1368 5153 1466 5223 τῆς
1500 5154 1655 5223 περί,
1692 5153 1788 5207 ἵνα
1825 5146 1900 5222 μὴ
1941 5150 2259 5224 συνεμπέσῃ
2296 5153 2371 5223 τῷ
2413 5149 2521 5221 πέρ
2557 5153 3122 5228 παραπληρωματικῷ
3159 5152 3450 5224 συνδέσμω
3486 5152 3552 5207 Κ
