4809 5959
1944 516 2337 581 ..7-

276 693 354 762 δὲ
401 691 697 781 ἰσχυρός·
750 693 861 760 καὶ
907 690 1089 780 ὅμως
1132 689 1428 778 ἀσθενὴς
1480 686 1580 760 ῶν
1624 691 1895 778 ἐνίκησά
1935 710 2032 759 σε·
2081 688 2342 778 μακρὰν
2378 689 2692 779 ἱστάμην,
2738 688 2917 779 ὅμως
2952 689 3207 778 ἦκουσά
3246 712 3372 762 σου
3406 697 3787 776 λαλοῦντος.
3847 698 3996 783 940,

238 876 252 895 ,
279 803 543 869 23-29
590 824 734 869 cum
781 802 931 888 939,
980 800 1286 887 18-27).
1368 800 1573 877 Quem
1617 799 1860 866 nodum
1905 799 2181 866 Hartius
2227 801 2616 885 opinabatur
2663 800 2755 866 sic
2801 801 3174 867 solvendum
3223 823 3392 888 esse,
3434 806 3510 868 ut
3554 802 3672 869 has
3721 803 3994 871 scholio·

277 931 423 975 rum
468 907 932 975 Vaticanorum
977 908 1328 994 particulas
1376 928 1454 973 ex
1500 907 1646 973 aliis
1694 903 2129 974 Choerobosci
2173 907 2358 973 libris
2394 907 2634 992 petitas
2671 929 2810 974 esse
2847 911 2913 973 et
2939 906 3458 975 Choeroboscum
3496 910 3653 975 alibi
3692 910 3881 976 aliter
3915 910 3993 976 de

279 1016 520 1082 eisdem
564 1016 758 1082 rebus
804 1014 1128 1081 censuisse
1162 1018 1563 1099 putaremus3
1609 1034 1805 1098 quam
1841 1009 2040 1080 λύσιν
2083 1036 2241 1079 num
2285 1013 2583 1099 cuiquam
2621 1014 2996 1098 probaverit
3031 1014 3275 1081 dubito.
3350 1012 3473 1080 Sed
3508 1037 3591 1081 ne
3629 1016 3695 1081 id
3735 1016 3992 1102 quidem

279 1144 357 1187 ex
401 1121 526 1188 hac
580 1121 1008 1206 discrepantia
1064 1141 1227 1204 quae
1281 1118 1627 1185 intercedit
1677 1120 1850 1186 inter
1894 1123 2236 1207 Γεωργίου
2280 1119 2539 1185 'scholia
2593 1124 2660 1185 et
2712 1120 3238 1186 commentarium
3284 1118 3751 1188 Baroccianum
3807 1123 3994 1189 colle-

279 1229 511 1315 gerim,
562 1229 634 1293 in
687 1225 834 1292 Bar.
888 1248 1021 1292 non
1074 1226 1206 1312 legi
1253 1223 1686 1293 Choerobosci
1740 1227 2299 1312 commentarium,
2352 1227 2564 1313 qualis
2622 1227 2703 1292 ab
2758 1228 2903 1313 ipso
2961 1228 3240 1313 scriptus
3296 1229 3400 1294 sit.
3490 1227 3658 1319 Quid
3712 1230 3883 1295 enim
3940 1231 3996 1296 si

279 1335 697 1418 coniciamus„
751 1331 1159 1419 Georgium
1212 1333 1426 1418 illum,
1480 1333 1582 1399 cui
1635 1334 1989 1418 particulae
2032 1332 2387 1400 Vaticanae
2432 1334 2808 1400 tribuuntur
2853 1371 2937 1382 —
2992 1356 3200 1419 neque
3257 1336 3426 1401 enim
3474 1333 3995 1403 Choerobosci

276 1462 517 1507 nomen
560 1462 833 1526 usquam
877 1440 1117 1526 legitur
1149 1476 1225 1488 —
1260 1440 1455 1505 alium
1496 1460 1635 1506 esse
1672 1444 1864 1527 atque
1898 1441 2080 1506 illum
2111 1440 2633 1526 grammaticum,
2679 1441 2789 1526 qui
2817 1438 3080 1508 Subulci
3118 1443 3503 1528 cognomine
3540 1443 3992 1529 significatur?

280 1545 488 1623 Quam
533 1547 965 1613 coniecturam
1014 1568 1095 1612 ne
1139 1548 1282 1632 quis
1326 1546 1520 1612 nimis
1564 1546 1974 1612 temerariam
2030 1546 2355 1613 existimet
2408 1546 2636 1613 suadet
2688 1546 2866 1613 locus
2926 1570 2961 1613 e
3017 1548 3153 1614 cod.
3198 1548 3761 1616 Vallicelliano
3807 1548 3860 1615 F
3906 1548 3991 1617 68

278 1675 484 1738 nuper
529 1674 568 1718 a
611 1652 1199 1719 Wachsmuthio
1249 1651 1444 1739 (Mus.
1480 1652 1687 1719 Rhen.
1735 1654 1905 1719 1879
1951 1676 2012 1739 p.
2056 1650 2210 1740 156)
2255 1654 2324 1718 in
2367 1654 2578 1720 lucem
2625 1653 2929 1738 emissus,
2974 1652 3085 1718 ubi
3131 1654 3199 1719 in
3244 1653 3684 1740 Dionysianae
3728 1655 3993 1721 technas

277 1760 740 1845 interpretibus
794 1765 1048 1846 praeter
1091 1758 1611 1826 Ohoeroboscum
1664 1761 1859 1826 etiam
1917 1759 2293 1847 Georgius
2349 1760 2611 1845 quidam
2666 1760 3057 1826 nominatur.
3149 1759 3366 1826 'Pitulo
3421 1762 3595 1827 enim
3650 1761 3774 1827 hoc
3823 1754 3993 1827 'Em-

280 1861 482 1965 σςολὴ
524 1863 692 1952 πρός
737 1891 889 1933 τινα
933 1863 1364 1952 λογιζόμενον
1405 1863 1637 1953 λόγιον
1680 1864 1769 1951 μὴ
1807 1862 1971 1933 ὄντα
2007 1865 2088 1933 δέ
2117 1867 2474 1951 praemisso
2521 1867 2742 1933 statim
2780 1866 2864 1931 ab
2901 1867 3089 1933 initio
3126 1864 3287 1932 haec
3320 1867 3644 1953 leguntur:
3688 1869 3848 1933 ποία
3884 1883 3995 1933 σοι

277 1975 414 2039 τῶν
457 1974 747 2058 λογικῶν
787 1973 1042 2057 τεχνῶν
1087 1974 1183 2049 εἰς
1234 1967 1442 2055 ἀκρον
1499 1969 1876 2057 ἐξήσκηταις
1929 1961 2038 2059 ἀρ’
2089 1967 2131 2058 ἡ
2186 1969 2632 2058 γραμματικῆς
2686 1968 2797 2039 καὶ
2843 1973 2982 2049 πῶς
3029 1971 3276 2058 ταύτην
3329 1967 3656 2057 ἀνίγνωςς
3710 1956 3993 2057 πότερόν

276 2078 437 2164 μετὰ
480 2075 704 2145 ἄλλων
750 2080 1134 2165 μεθοδικῶν
1176 2076 1287 2144 καὶ
1331 2079 1469 2145 τῶν
1519 2074 1600 2144 τὰ
1647 2072 1852 2162 αὐτῆς
1895 2079 2143 2156 λεπτῶς
2187 2077 2729 2164 ἐξηγησαμένωνς
2783 2072 2825 2164 ἢ
2880 2078 3064 2168 μόνῳ
3119 2080 3211 2168 τῷ
3261 2081 3606 2168 Διονυσίῳ
3659 2072 3996 2164 ἠρκέσθης

276 2186 368 2275 τῷ
414 2186 720 2276 τεχνικῶς
767 2187 830 2251 εί
871 2187 1108 2251 τοίνυν
1152 2181 1277 2270 τήν
1320 2180 1782 2270 γραμματικὴν
1817 2177 2289 2269 ἀκριβέστερον
2323 2178 2650 2270 ἀνέγνως,
2694 2189 2794 2262 τίς
2839 2180 2876 2251 ὁ
2914 2185 3003 2275 τῷ
3036 2189 3384 2275 Διονυσίῳ
3424 2183 3529 2252 ἐπὶ
3563 2182 3807 2271 ταύτης
3833 2204 3992 2272 συμ-

277 2290 892 2378 μεθοδευσάμενος,
937 2289 1049 2357 καὶ
1092 2301 1275 2357 ποῖοι
1319 2288 1580 2357 τούτων
1625 2292 1697 2357 οἰ
1736 2286 2028 2376 ἀκριβεῖς
2073 2290 2385 2376 ἐξηγηταί
2391 2317 2410 2368 ;
2455 2293 2676 2368 ἔοικας
2719 2284 3056 2376 ἀμάθειαν
3102 2294 3277 2376 ἔχειν
3322 2290 3433 2358 καὶ
3478 2302 3708 2359 νοσεῖν
3752 2297 3994 2377 οἴησιν.

277 2398 387 2465 καὶ
435 2406 595 2476 ἴσως
639 2401 846 2483 γλίχει
892 2391 1049 2484 παρ’
1101 2395 1267 2483 ἐμοῦ
1311 2403 1560 2482 μαθεῖν
1604 2393 1899 2484 σήμερον
1942 2393 2063 2464 τὸν
2104 2397 2195 2486 τῷ
2235 2399 2582 2486 Διονυσίῳ
2626 2392 3297 2482 συμμεθοδεύσαντα,
3344 2396 3458 2464 ναὶ
3503 2394 3639 2484 μὴν
3682 2396 3792 2465 καὶ
3837 2393 3993 2477 τοὺς

277 2501 610 2590 ἐξηγητάς.
709 2500 949 2572 λοιπὸν
1003 2501 1183 2590 μάθε
1236 2501 1556 2589 σήμερον,
1622 2498 1713 2582 ὥς
1765 2501 2091 2571 έκλάτυνε
2151 2503 2273 2571 τὸν
2328 2500 2707 2571 Διονύσιον
2758 2502 3149 2587 Θεοδόσιος,
3213 2506 3514 2590 ἔγραψαν
3579 2502 3652 2571 δὲ
3714 2507 3811 2583 εἰς
3871 2500 3993 2590 τὴν

276 2608 738 2697 γραμματικήν
779 2608 1120 2698 μεθόδους
1160 2608 1272 2678 καὶ
1307 2600 1506 2696 Ὦρος
1548 2610 1659 2677 καὶ
1695 2607 2138 2698 Ἡρωδιανός,
2186 2610 2587 2697 ἐξήγήσαπο
2636 2607 2712 2677 δὲ
2745 2604 3225 2696 Ἡλιόδωρος
3267 2608 3397 2676 καὶ
3443 2607 3790 2697 Γεῶργιό
3801 2636 3835 2689 ς
3877 2636 3995 2689 τις

277 2715 406 2784 καὶ
450 2715 943 2804 πλατύτερον
986 2711 1023 2784 ὁ
1072 2715 1634 2802 Χοιροβοσκός.

596 2824 863 2891 Praeter
905 2823 1370 2891 Baroccianum
1417 2828 1633 2891 autem
1679 2825 2058 2910 codicesque
2104 2847 2181 2892 ex
2227 2847 2303 2891 eo
2350 2826 2654 2892 oriundos
2672 2823 2720 2913 ¹)
2770 2825 2896 2892 duo
2941 2825 3154 2892 fontes
3202 2829 3426 2893 extant
3457 2824 3631 2891 unde
3667 2847 3990 2892 commen-

277 2933 430 3000 tarii
487 2932 856 3000 Heliodorei
910 2932 1214 2999 notitiam
1268 2931 1523 2998 haurire
1579 2932 1757 3017 licet,
1819 2953 2093 3017 quorum
2151 2932 2385 2998 auxilio
2443 2932 2784 3020 contingit,
2839 2937 2913 2997 ut
2966 2936 3033 2998 et
3087 2931 3379 3016 priorum
3433 2916 3991 3018 paragraphorum

277 3039 777 3126 explanationis,
822 3060 986 3125 quae
1030 3038 1098 3104 in
1142 3038 1291 3104 Bar.
1339 3039 1602 3105 omnino
1648 3038 1855 3122 deest,
1909 3058 2180 3125 magnas
2225 3044 2445 3123 partes
2491 3060 2957 3126 cognoscamus
3013 3044 3078 3105 et
3130 3040 3562 3125 posteriorum
3608 3040 3991 3125 interpreta-

276 3148 522 3212 tionem
566 3147 741 3213 haud
786 3148 1007 3232 paucis
1053 3143 1213 3212 locis
1250 3144 1552 3230 supplere
1579 3145 1918 3229 possimus.
1991 3145 2251 3211 Etenim
2288 3166 2423 3211 non
2460 3145 2671 3212 solum
2706 3148 2773 3211 in
2821 3167 2899 3211 ea
2936 3145 3328 3212 scholiorum
3356 3146 3752 3231 collectione,
3798 3167 3990 3231 quam

274 3253 764 3319 Burbonicus
791 3252 859 3318 II
883 3250 944 3317 D
971 3254 1017 3318 4
1052 3252 1346 3338 praebet,
1392 3250 1889 3318 Wachsmuthio
1934 3255 2101 3318 teste
2139 3249 2478 3318 Heliodori
2523 3273 2760 3339 nomen
2807 3252 3064 3336 saepius
3100 3260 3353 3337 praeter
3389 3252 3518 3318 alia
3561 3252 3991 3338 interpretum

274 3361 546 3426 nomina
590 3359 672 3425 ad
716 3358 1008 3444 singulas
1053 3357 1509 3443 explicationes
1556 3357 1883 3443 adpictum
1926 3362 2053 3442 est,
2106 3358 2217 3423 sed
2270 3357 2443 3424 idem
2497 3357 2740 3423 factum
2796 3378 2937 3423 esse
2982 3358 3053 3423 in
3097 3358 3495 3425 Marciano
3541 3358 3691 3424 489
3737 3380 3989 3444 quoque

275 3467 401 3553 ipsi
448 3466 948 3533 observavimus.
1034 3465 1215 3531 Inter
1259 3486 1420 3550 quos
1467 3464 1718 3530 codices
1763 3486 1840 3530 ea
1884 3465 2050 3530 ratio
2091 3464 2461 3543 intercedit,
2516 3468 2587 3530 ut
2633 3464 2789 3551 quin
2836 3486 2913 3530 ex
2957 3464 3180 3531 eodem
3234 3465 3415 3531 fonte
3460 3465 3763 3531 fluxerint
3808 3464 3987 3531 dubi-

274 3573 403 3639 tari
449 3576 746 3658 nequeat.
816 3569 1042 3656 Neque
1088 3571 1258 3636 enim
1305 3569 1463 3636 ordo
1508 3574 1766 3636 tantum
1803 3591 1929 3655 quo
1976 3570 2231 3657 singula
2276 3569 2525 3637 scholia
2570 3573 2926 3657 sequuntur
2960 3591 3226 3654 prorsus
3263 3571 3434 3637 idem
3473 3576 3600 3656 est,
3646 3570 3757 3636 sed
3795 3572 3988 3637 etiam

275 3679 347 3743 in
392 3679 612 3744 multis
659 3678 1058 3765 singulorum
1094 3677 1438 3743 verborum
1475 3677 1854 3762 corruptelis
1891 3677 2254 3743 concinunt
2327 3699 2718 3763 quamquam
2754 3677 3167 3743 inveniuntur
3203 3677 3671 3762 discrepantiae
3708 3698 3988 3762 quoque;

273 3807 429 3850 nam
475 3790 541 3850 et
574 3788 908 3850 auctorum
952 3784 1218 3849 nomina
1259 3784 1328 3847 in
1374 3783 1580 3849 altero
1617 3783 1876 3867 adpicta
1912 3783 1980 3848 in
2018 3783 2220 3849 altero
2255 3805 2716 3869 nonnunquam
2755 3789 2909 3850 sunt
2942 3786 3208 3870 omissa,
3255 3788 3322 3850 et
3362 3784 3434 3849 in
3464 3782 3790 3849 Marciano
3830 3804 3989 3849 non-

258 3890 463 3985 ·nulla
508 3894 736 3957 extant
781 3890 1051 3974 scholia,
1098 3910 1262 3974 quae
1308 3890 1377 3953 in
1421 3887 1620 3956 Burb.
1664 3889 1884 3955 deesse
1930 3888 2246 3955 videntur.

594 3998 735 4064 Iam
798 3994 1242 4063 commentarii
1304 3995 1675 4063 Heliodorei
1738 3996 2040 4081 frustula,
2112 4018 2275 4081 quae
2338 3996 2407 4062 in
2470 3997 2594 4062 hac
2653 3995 2907 4063 Veneta
2970 4003 3037 4064 et
3094 3997 3529 4083 Neapolitana
3593 3995 3987 4062 scholiorum

277 4105 652 4172 collectione
697 4103 1019 4189 leguntur,
1065 4104 1379 4189 originem
1424 4125 1556 4169 non
1602 4102 1846 4168 ducunt
1880 4124 1956 4168 ex
1996 4103 2211 4170 codice
2239 4102 2635 4169 Barocciano
2673 4125 2883 4190 neque
2920 4126 2998 4170 ex
3027 4104 3325 4170 mutilato
3352 4124 3559 4188 neque
3597 4124 3675 4168 ex
3711 4102 3990 4189 integro,

276 4211 389 4277 sed
434 4232 513 4277 ex
547 4211 835 4297 pleniore
881 4209 1053 4274 illius
1106 4211 1551 4276 commentarii
1608 4209 1957 4295 exemplari
2011 4210 2247 4276 hausta
2300 4214 2468 4275 sunt.
2557 4208 2727 4294 quod
2785 4210 2942 4276 satis
2999 4210 3343 4296 apparebit
3395 4230 3521 4275 uno
3570 4208 3861 4294 exemplo
3908 4230 3986 4275 ex

274 4318 706 4404 posteriorum
763 4315 923 4381 artis
970 4316 1523 4402 paragraphorum
1580 4315 2007 4400 explicatione
2061 4321 2282 4402 petito.
2373 4315 2452 4381 In
2506 4314 2901 4383 Barocciano
2955 4315 3505 4401 interpretationis
3556 4315 3986 4382 Heliodoreae

276 4446 420 4490 eam
466 4428 714 4509 part-em
763 4445 891 4507 qua
935 4422 1014 4489 de
1057 4422 1477 4507 participio
1527 4423 1743 4508 agitur
1788 4421 2137 4489 desiderari
2183 4446 2377 4509 supra
2422 4423 2664 4490 dictum
2710 4426 2826 4489 est.
2897 4421 2975 4488 In
3017 4422 3351 4489 Marciano
3398 4426 3615 4488 aut'em
3651 4419 3787 4510 (fol.
3829 4422 3986 4511 941)

276 4532 538 4597 nomine
573 4524 1061 4615 Ἡλιοδώρου
1106 4529 1174 4593 in
1220 4528 1513 4615 margine
1559 4528 1815 4614 adpicto
1861 4529 2020 4596 haec
2064 4530 2365 4617 legimus:
2412 4524 2683 4615 Μετοχή
2730 4527 2866 4595 ἐστι
2901 4527 3071 4609 λέξις
3105 4523 3255 4595 ἀντὶ
3294 4525 3584 4613 ῥήματος
3609 4523 3988 4612 ἀναγκαίως

274 4634 957 4722 παραλαμβανομένη,
1010 4632 1172 4721 μετὰ
1224 4636 1360 4701 τῶν
1406 4633 1881 4720 συνεπομένων
1931 4636 2021 4726 τῷ
2070 4632 2335 4722 ῥήματι,
2387 4632 2837 4723 παραστατικὴ
2891 4633 3129 4720 γένους
3171 4632 3281 4702 καὶ
3336 4632 3644 4713 κτῶσεως
3695 4632 3805 4701 καὶ
3849 4635 3986 4701 τῶν

275 4741 627 4811 συνόντων
683 4739 1016 4830 ἀριθμῶν.
1108 4738 1245 4808 Διά
1282 4744 1372 4807 ’τί
1421 4737 1497 4808 δὲ
1548 4736 1925 4826 ἀναγκαίως
1977 4737 2126 4810 ἀντὶ
2182 4741 2471 4830 ῥήματος
2522 4739 3132 4830 παραλαμβάνεταις
3195 4742 3484 4810 Λεκτέον
3495 4791 3514 4827 ,
3580 4736 3683 4808 ὅτι
3737 4765 3818 4807 τα
3873 4759 3983 4807 συ-

600 4993 650 5058 1)
695 4991 758 5046 In
804 4990 1089 5045 Marciano
1127 4995 1229 5046 652
1267 5005 1490 5063 quoque
1535 4991 1685 5060 (app.
1723 4988 1885 5044 class.
1925 4996 2019 5060 11,
2054 4992 2110 5059 4)
2156 4988 2251 5047 fol.
2292 4995 2666 5046 185r—158r
2709 4987 2826 5061 legi
2872 4990 3332 5046 commentarium
3376 4988 3771 5045 Heliodoreum
3816 4987 3984 5058 plane

276 5081 377 5153 ita,
413 5084 477 5138 ut
511 5080 569 5137 in
605 5080 946 5136 Barocciauo
974 5079 1247 5135 Vaticano
1276 5085 1380 5135 240
1416 5077 1844 5149 HamburgensL
1880 5079 2205 5136 mutilatum
2232 5078 2491 5150 Vhligius
2517 5078 2658 5134 mihi
2692 5078 2988 5148 indicavit,
3025 5082 3196 5149 atque
3232 5079 3402 5135 etiam
3430 5076 3748 5132 Palatinum
3780 5074 3984 5132 Roma—

276 5188 409 5226 num
442 5177 511 5227 70
548 5169 643 5225 fol.
683 5175 825 5225 267r
859 5169 1010 5225 idem
1048 5168 1384 5226 scholiorum
1421 5167 1645 5224 initium
1681 5167 1967 5239 exhibere,
2004 5167 2103 5224 ned
2137 5166 2196 5223 in
2232 5168 2341 5224 hoc
2378 5167 2571 5223 codice
2606 5167 2770 5223 finem
2808 5184 3030 5238 quoque
3066 5163 3452 5223 commentarii
3490 5164 3696 5221 deesse.
