4809 5959
2417 476 2847 545 ..13-

770 659 807 730 ὁ
855 665 1288 747 προκείμενος
1334 655 1501 727 ἄλλά
1545 659 1914 743 προσέλαβε
1952 653 2071 724 τὸν
2109 654 2243 744 μήν
2278 654 2400 724 τὸν
2439 652 3150 740 παραπληρωματικόν,
3196 648 3287 732 ὥς
3331 645 3468 738 μετ’
3512 645 3745 735 ὀλίγον
3788 646 3916 717 σὺν
3962 651 4099 739 θεῶ
4149 646 4493 734 εἰσόμεθα·

770 768 881 836 καὶ
929 772 1067 835 ἔστι
1118 764 1476 851 σύνθετος,
1533 762 1839 846 ὀξύνεται
1898 762 1971 831 δὲ
2015 763 2126 830 καὶ
2174 766 2506 842 ψιλοῦται.
2603 766 2877 829 Τοίνυν·
2934 760 3006 828 ἐκ
3062 757 3187 827 δύο
3241 759 3946 845 παραπληρωματικῶν
4001 750 4500 840 συλλογιστικὸς

773 876 1052 961 γέγονεν
1098 874 1172 941 ἐν
1216 872 1583 958 παραθέσει
1631 868 2034 956 σύνδεσμος,
2081 867 2188 936 διὸ
2237 869 2348 936 καὶ
2391 864 2852 954 παροξύνεται.
2952 864 3330 953 Τοιγάρτοι·
3390 864 3500 931 καὶ
3547 854 3743 944 οὗτος
3789 864 3860 931 ἐκ
3903 865 4027 929 τοῦ
4069 867 4181 930 τοί
4219 861 4330 929 καὶ
4374 863 4498 928 τοῦ

771 978 901 1066 γα’ρ
947 979 1058 1046 καὶ
1105 984 1201 1046 ἔτι
1246 981 1367 1046 τοῦ
1420 982 1532 1046 τοί
1581 979 1654 1045 ἐν
1710 977 2075 1061 παραθέσει
2133 973 2352 1043 ὄντων
2404 975 2752 1060 γεγένηται
2809 966 2902 1053 εἷς
2955 969 3454 1057 συλλογιστικὸς
3507 968 3910 1057 σύνδεσμος,
3965 964 4110 1036 ἀλλ’
4168 962 4318 1053 οὐχὶ
4373 968 4496 1034 τοῦ

774 1086 904 1173 γάρ
951 1087 1249 1154 ἐνταῦθα
1297 1090 1564 1172 ἔχοντος
1599 1082 1723 1171 τὴν
1763 1086 1946 1150 ἰδίαν
1984 1084 2275 1169 δύναμιν
2312 1076 2355 1169 ἢ
2392 1087 2695 1165 ἔννοιαν,
2743 1076 2889 1148 ἀλλ’
2923 1075 3013 1159 ῶς
3058 1080 3132 1148 ἐν
3167 1081 3467 1166 παρολκῇ
3507 1078 3842 1164 κειμένου·
3889 1072 4499 1164 μεσοσυλλαβηθεὶς

777 1191 851 1261 δὲ
906 1189 1037 1260 ὑπὸ
1095 1195 1217 1260 τοῦ
1272 1187 1484 1259 αὐτοῦ
1539 1191 1953 1277 ἑκατέρωθεν
2006 1191 2700 1276 παραπληρωματικοῦ
2754 1185 3114 1266 στενωθεὶς
3164 1185 3271 1253 καὶ
3335 1182 3533 1266 αὐτὸς
3586 1185 3842 1271 γέγονε·
3906 1182 4347 1270 παροξύνεται
4405 1179 4500 1247 δέ.

785 1301 1186 1384 Τοιγαροῦν·
1244 1294 1492 1385 ὁμοίως
1533 1297 1645 1365 καὶ
1692 1293 1893 1376 αὐτὸς
1937 1297 2143 1381 τριῶν
2185 1297 2894 1383 παραπληρωματικῶν
2940 1293 3335 1380 συνδέσμων
3380 1291 3746 1379 παραθέσει
3791 1290 4051 1376 γέγονε·
4096 1292 4500 1375 μεσοσυλλα·

775 1403 1106 1492 βούμενος
1151 1402 1276 1490 γὰρ
1325 1400 1417 1482 ῶς
1458 1408 1845 1490 προείρηται
1892 1399 1929 1470 ὁ
1977 1400 2105 1488 γάρ
2152 1403 2225 1470 έν
2270 1403 2569 1489 παρολκῇ
2618 1401 2755 1469 ἐστι
2768 1399 2847 1489 ¹)·
2899 1403 3294 1488 περισπᾶται
3341 1396 3414 1467 δὲ
3461 1396 3574 1466 διὰ
3617 1396 3740 1466 τὸν
3782 1394 4037 1464 κανόνα
4073 1392 4193 1463 τὸν
4228 1390 4501 1461 τονικὸν

778 1513 1038 1579 ἐκεῖνον
1073 1510 1383 1596 λέγοντα,
1412 1510 1514 1579 ὅτι
1548 1512 1729 1577 πᾶσα
1759 1511 2135 1595 δίφθογγος
2170 1503 2211 1594 ἡ
2241 1504 2355 1574 διὰ
2381 1510 2506 1574 τοῦ
2530 1511 2585 1572 ’ῦ
2613 1504 2719 1594 ἐφ’
2755 1505 2992 1594 ἑαυτῆς
3027 1510 3270 1593 ἔχουσα
3301 1504 3424 1573 τὸν
3459 1503 3663 1573 τόνον
3699 1506 4113 1590 περισπᾶται,
4151 1520 4502 1588 σεσημειω·

776 1618 1000 1705 μένων
1034 1619 1271 1702 τριῶν,
1319 1615 1476 1684 ἰδού
1513 1614 1624 1684 ἰού
1661 1613 1775 1699 οὔ,
1820 1615 1932 1683 καὶ
1967 1620 2106 1684 τῶν
2142 1618 2558 1698 αἰτιατικῶν,
2603 1611 2693 1693 ῶς
2730 1616 2861 1700 ἔχει
2897 1610 2973 1681 τὸ
3009 1611 3167 1692 τοὺς
3196 1609 3498 1700 Ἀχαιούς
3531 1611 3643 1679 καὶ
3678 1609 3759 1678 τὰ
3799 1608 4023 1698 ὅμοια·
4071 1604 4231 1678 οὐδὲ
4266 1606 4395 1695 γὰρ
4422 1603 4499 1674 τὸ

777 1722 937 1804 τούς
981 1721 1141 1791 οὐδὲ
1184 1720 1260 1791 τὸ
1302 1720 1605 1810 Ἀχαιούς
1647 1725 2073 1807 περισπᾶται,
2119 1725 2182 1789 εἰ
2223 1721 2334 1788 καὶ
2384 1719 2500 1789 διὰ
2537 1717 2614 1789 τὸ
2661 1747 2706 1789 υ
2741 1723 3126 1805 δίφθογγον
3163 1723 3463 1806 ἔχουσιν,
3509 1715 3678 1786 ἀλλὰ
3710 1714 3869 1786 καθ’
3912 1712 4151 1784 ἑαυτὸν
4190 1713 4500 1801 ἑκάτερον

780 1828 1114 1915 ὀξύνεται,
1171 1830 1244 1897 ἐν
1299 1828 1375 1896 δὲ
1428 1831 1509 1917 τῇ
1562 1832 1878 1918 συνεπεία
1932 1827 2370 1915 βαρύνονται,
2425 1825 2516 1894 δι’
2567 1827 2795 1913 ἕτερον
2849 1824 3058 1912 λόγον
3112 1826 3381 1895 τονικὸν
3434 1822 3805 1911 ἀναγκαῖον
3858 1819 3979 1893 τὸν
4032 1823 4344 1907 λέγοντα,
4397 1817 4503 1889 ὅτι

777 1939 959 2003 πᾶσα
1005 1931 1329 2021 αἰτιατικὴ
1377 1931 1646 2020 ἀπαθὴς
1689 1931 2134 2020 ἀπέστραπται
2180 1932 2302 2021 τὴν
2346 1934 2882 2021 περισπωμένην·
2945 1930 3022 2002 τὸ
3069 1932 3144 2000 δὲ
3189 1931 3462 2019 ἀπαθὴς
3514 1929 3895 2018 πρόσκειται
3948 1932 4039 2021 τῷ
4094 1925 4332 1997 κανόνι
4387 1926 4502 1996 διὰ

780 2041 857 2110 τὸ
905 2045 1001 2111 δῶ
1048 2042 1158 2109 καὶ
1203 2043 1517 2109 Ποσειδῶ
1562 2040 1673 2107 καὶ
1718 2037 1798 2107 τὰ
1846 2037 2069 2127 ὅμοια·
2116 2037 2159 2127 ἡ
2205 2037 2334 2127 γὰρ
2382 2037 2650 2126 ἀπαθὴς
2692 2039 2802 2108 καὶ
2851 2037 3113 2127 ἐντελὴς
3158 2038 3484 2126 αἰτιατικὴ
3531 2042 3721 2127 δῶμα
3765 2037 3877 2105 καὶ
3922 2037 4339 2106 Ποσειδῶνα.

1102 2147 1298 2233 Περὶ
1342 2154 2065 2235 παραπληρωματικ
2084 2149 2206 2216 ῶν.
2279 2151 2982 2235 Παραπληρωματικοί
3011 2150 3185 2215 εἰσιν
3222 2149 3292 2215 οἰ
3322 2147 3567 2234 μέτρον
3594 2141 4134 2232 ἇποπληροῦντες
4165 2136 4210 2230 ἢ
4247 2140 4503 2228 κόσμον

781 2252 931 2322 τινὰ
977 2255 1372 2341 παρέχοντες
1416 2265 1557 2333 τοῖς
1599 2251 1849 2338 λόγοις·
1911 2251 2019 2321 διὸ
2064 2253 2176 2321 καὶ
2224 2255 2294 2322 οἰ
2334 2258 2634 2335 πλείονες
2679 2252 2903 2324 αὐτῶν
2951 2257 3047 2333 εἰς
3088 2251 3168 2321 τὰ
3217 2250 3545 2339 έγκλιτικᾶ
3593 2250 3797 2339 μόρια
3839 2248 4319 2337 κατετάγησαν·
4381 2245 4507 2317 οὐκ

786 2367 923 2429 ἔστι
969 2359 1045 2428 δὲ
1091 2356 1190 2428 ἐπ’
1244 2358 1468 2429 αὐτῶν
1514 2364 1750 2447 εἰπεῖν,
1806 2357 1909 2428 ὅτι
1964 2362 2039 2429 έν
2082 2374 2221 2442 τοῖς
2264 2362 2610 2448 προτέροις
2653 2365 2956 2430 τίθενται
3011 2357 3304 2429 αὐτόθεν
3349 2362 3547 2445 δίκην
3599 2362 3871 2446 στοιβῆς
3912 2355 4061 2445 ἦτοι
4107 2363 4505 2444 σφηναρίων

785 2464 1428 2556 παρεισδυόμενοΰ).
1520 2465 1604 2552 δή
1652 2462 1980 2547 ὀξύνεται.
2050 2465 2136 2553 ῥά
2192 2462 2528 2552 ὀξύνεται,
2581 2470 2718 2536 ἔστι
2771 2466 2882 2534 καὶ
2939 2463 3310 2553 έγκλιτικὸν
3362 2465 3622 2553 μόριον.
3707 2461 3954 2552 ὁμοίως
4008 2462 4084 2532 δὲ
4136 2463 4247 2531 καὶ
4304 2458 4340 2530 ὁ
4390 2460 4508 2530 νύ.

784 2576 917 2642 ποῦ
961 2575 1356 2659 περισπᾶται
1402 2570 1526 2660 μὲν
1570 2570 1729 2641 καθ’
1781 2572 2055 2659 ἑαυτόν,
2110 2577 2248 2642 ἔστι
2294 2573 2370 2642 δὲ
2414 2574 2526 2642 καὶ
2571 2570 2772 2653 αὐτὸς
2826 2571 3193 2661 έγκλιτικὸν
3244 2571 3502 2660 μόριον.
3590 2570 3732 2659 θήν
3778 2567 4114 2655 ὀξύνεται,
4168 2569 4279 2638 καὶ
4327 2573 4506 2638 ἔστιν

789 2678 1158 2767 ἐγκλιτικὸν
1203 2679 1314 2747 καὶ
1359 2676 1579 2759 αὐτός.
1644 2677 1729 2765 ἄρ
1776 2676 2084 2761 ὀξύνεται
2137 2681 2248 2748 καὶ
2295 2684 2625 2762 ψιλοῦται.
2687 2684 2856 2768 δῆτα
2910 2684 3449 2769 προπερισπᾶται.
3512 2680 3635 2765 πέρ
3682 2676 4009 2760 ὀξύνεται.
4070 2675 4158 2744 ἄν
4202 2673 4510 2758 ὀξύνεται

786 2787 897 2855 καὶ
945 2789 1276 2867 ψιλοῦται.
1330 2776 1418 2853 αὖ
1465 2787 1777 2864 ψιλοῦται
1822 2785 1934 2854 καὶ
1978 2791 2376 2873 περισπᾶται
2421 2787 2532 2855 καὶ
2589 2788 2955 2873 έγκλίνεται
3009 2787 3094 2874 (κ.
3140 2787 3311 2874 έγκλ.
3355 2808 3522 2873 pone
3568 2792 3719 2871 post
3770 2785 3893 2871 πέρ
3947 2779 4088 2873 ὀξ.).
4161 2774 4290 2851 οὖν
4331 2807 4508 2871 περι-

792 2896 1035 2961 σπᾶται
1081 2892 1192 2960 καὶ
1236 2893 1566 2972 ψιλοῦται.

1107 2998 1307 3085 Περὶ
1354 2999 1995 3086 ἐναντιωματικῶ
2012 3027 2070 3069 ν.
2170 2998 2360 3080 Τινὲς
2407 3000 2482 3068 δὲ
2525 3002 2962 3086 προστιθέασι
3007 3001 3118 3068 καὶ
3164 2999 3782 3086 έναντιωματικούς.
3840 2997 3931 3081 ῶς
3974 2996 4064 3086 μὴ
4108 2996 4290 3067 πάνυ
4335 2984 4511 3084 εὑριῖ-

792 3108 1161 3194 σκομένους
1204 3102 1240 3173 ὁ
1273 3103 1645 3184 Διονύσιός
1688 3125 1855 3193 φησι
1891 3104 1965 3174 τὸ
2014 3106 2213 3186 τινές·
2258 3103 2434 3192 πλὴν
2481 3105 2922 3195 ἐπεκράτησεν
2969 3112 3360 3194 νομίζεσθαι
3396 3104 3674 3186 τούτους
3719 3102 4318 3194 ἐναντιωματικοὺς
4353 3122 4512 3171 συν-

793 3215 1102 3300 δέσμους·
1148 3211 1314 3298 φησὶ
1361 3209 1437 3279 δὲ
1480 3210 1556 3279 τὸ
1604 3216 1840 3299 ἔμπης,
1887 3209 2084 3298 ὅμως.
2165 3218 2481 3281 Τίθενται
2526 3205 2713 3282 οὗτοι
2760 3214 2835 3281 ἐν
2879 3226 3021 3294 τοῖς
3064 3215 3401 3301 δευτέροις
3443 3212 3698 3300 λόγοις,
3741 3211 4232 3301 προτάσσονται
4279 3210 4353 3279 δὲ
4397 3213 4514 3296 τῆς

791 3319 1056 3406 πρώτης
1090 3319 1321 3400 λέξεως
1356 3319 1494 3386 τῶν
1530 3319 1862 3405 δευτέρων
1889 3317 2136 3404 λόγων·
2182 3319 2293 3387 καὶ
2316 3315 2360 3388 ’ὁ
2389 3318 2513 3406 μὲν
2544 3324 2751 3406 ἔμπης
2775 3320 3216 3407 παροξύνεται
3251 3321 3362 3389 καὶ
3390 3324 3734 3407 ψιλοῦται,
3777 3317 3812 3388 ὁ
3846 3318 3922 3387 δὲ
3949 3317 4127 3406 ὅμως
4154 3315 4513 3386 δασύνεται

794 3426 906 3494 καὶ
949 3423 1406 3512 παροξύνεται.

1114 3531 1253 3598 Iam
1308 3533 1653 3600 continuae
1705 3534 1897 3599 huius
1955 3534 2509 3620 interpretationis
2565 3555 2978 3621 quaecunque
3033 3536 3241 3602 frusta
3255 3530 3512 3602 ‘codice
3558 3533 3876 3599 Vaticano
3923 3535 4024 3613 ,14
4079 3533 4515 3613 continentur,

796 3663 873 3707 ea
919 3641 1010 3707 ibi
1058 3639 1357 3706 Diomedi
1403 3637 1945 3728 adscribuntur2),
1998 3647 2073 3708 ut
2117 3645 2343 3726 pateat
2385 3641 2741 3707 rectissime
2786 3640 3453 3708 Hoerschelmannum
3501 3641 3823 3709 censuisse
3869 3639 4219 3706 Diomedea
4266 3638 4514 3704 scholia

796 3747 1099 3816 Vaticani
1149 3746 1546 3813 adnectenda
1591 3768 1732 3813 esse
1768 3746 2233 3833 Melampodeis
2280 3752 2354 3813 ut
2398 3748 2748 3834 particulas
2796 3748 3084 3815 eiusdem
3130 3748 3594 3815 commentarii.
3667 3748 3885 3832 Atque
3932 3746 4103 3832 quod
4150 3747 4231 3812 ab
4276 3745 4390 3811 illo
4437 3767 4515 3810 ex

797 3852 1226 3939 Melampodis
1273 3856 1340 3918 et
1374 3850 1709 3918 Diomedis
1755 3854 2091 3920 nominum
2128 3876 2247 3919 usu
2284 3854 2699 3940 potissimum
2736 3856 3101 3940 probatum,
3145 3877 3186 3921 a
3221 3876 3323 3920 me
3371 3876 3448 3920 ex
3483 3853 3951 3920 Havniensium
3989 3853 4516 3938 explanationum

799 3982 1047 4026 conexu
1093 3959 1542 4025 confirmatum
1579 3964 1707 4044 est,
1760 3959 1825 4025 id
1869 3958 2171 4047 Vhligius
2217 3962 2537 4029 intellexit
2581 3969 2647 4029 et
2689 3963 2758 4029 in
2804 3961 3057 4028 schedis
3103 3963 3238 4029 suis
3289 3962 3549 4028 notavit
3591 3962 3883 4045 inspecto
3929 3961 4146 4027 codice
4189 3959 4514 4027 Vaticano

807 4066 978 4133 1766
1024 4065 1133 4152 (ex
1180 4087 1307 4150 quo
1356 4063 1690 4132 Bekkerus
1737 4067 2047 4134 lectiones
2093 4071 2347 4134 tantum
2393 4091 2635 4153 paucas
2690 4066 3008 4154 protulit).
3079 4069 3341 4135 Etenim
3385 4069 3477 4135 ibi
3521 4067 3631 4135 fol.
3676 4068 3810 4135 324
3855 4090 3993 4153 sqq.
4046 4067 4237 4154 plane
4293 4066 4515 4132 eadem

801 4174 1106 4259 leguntur
1142 4177 1338 4260 atque
1386 4173 1456 4239 in
1498 4172 1889 4261 Havniensi,
1942 4175 2071 4241 nisi
2116 4175 2290 4261 quod
2333 4174 2637 4243 Vaticani
2688 4177 2858 4244 1766
2906 4176 3408 4243 commentarius
3453 4174 3558 4240 his
3603 4175 3817 4241 verbis
3863 4175 4112 4240 finitur:
4162 4175 4516 4251 φιλοῦνται

804 4275 880 4345 δὲ
923 4273 1166 4356 πάντες
1212 4277 1370 4365 (ΒΑ
1416 4280 1574 4365 965,
1620 4278 1769 4369 21),
1816 4284 1884 4346 et
1928 4281 2099 4367 quod
2146 4282 2427 4348 auctoris
2475 4284 2734 4349 nomine
2782 4284 3047 4350 omnino
3094 4289 3284 4348 caret.

1124 4383 1266 4462 Quo
1322 4388 1464 4451 arto
1520 4390 1735 4452 autem
1789 4389 2043 4455 vinculo
2100 4389 2487 4455 cohaereant
2550 4390 2801 4457 scholia
2851 4390 3300 4476 Melampodea
3355 4391 3488 4456 sive
3543 4388 3896 4455 Diomedes.
3948 4387 4020 4452 in
4073 4385 4376 4452 Vaticani
4436 4388 4520 4452 14

805 4491 1248 4558 collectionem
1303 4495 1567 4576 recepta
1616 4513 1758 4558 cum
1817 4496 2279 4562 commentario
2325 4494 2716 4563 Havniensis
2772 4497 2922 4562 libri
2975 4501 3042 4562 et
3084 4495 3387 4562 Vaticani
3448 4496 3645 4579 1766,
3700 4495 3897 4561 etiam
3942 4494 4152 4580 magis
4201 4516 4392 4580 quam
4440 4515 4519 4559 ex

806 4599 929 4683 eis,
975 4618 1138 4682 quae
1182 4597 1530 4682 utrobique
1574 4598 1971 4685 exhibentur,
2015 4602 2163 4668 inde
2210 4608 2507 4688 apparet,
2555 4604 2725 4689 quod
2764 4603 2943 4670 deest
2978 4603 3323 4689 utrobique
3362 4603 3732 4689 explanatio
3768 4601 4326 4688 paragraphorum
4362 4598 4520 4665 XIV

1126 4810 1183 4878 1)
1220 4809 1289 4864 cf.
1328 4826 1463 4878 quae
1500 4809 1789 4867 Bekkerus
1827 4811 2056 4867 exhibet
2088 4830 2144 4883 p.
2174 4817 2297 4881 970,
2327 4819 2556 4872 10-18.
2727 4818 2781 4884 2)
2821 4815 2888 4871 cf.
2927 4832 3072 4885 quae
3109 4816 3260 4888 apud
3286 4815 3602 4872 Bekkerum
3636 4813 3807 4884 paulo
3834 4812 4001 4869 aliter
4025 4811 4291 4882 leguntur
4315 4828 4369 4881 p.
4399 4814 4521 4879 970,

811 4903 1036 4954 19—22.
1217 4901 1272 4967 3)
1308 4901 1374 4954 ut
1408 4904 1530 4965 957,
1568 4904 1803 4968 17-283
1843 4906 1963 4969 958,
2001 4906 2199 4971 6-1'13
2240 4908 2506 4971 27—959‚
2543 4909 2602 4973 23
2642 4910 2806 4971 5—73
2848 4911 3083 4973 12-153
3122 4910 3241 4974 960,
3280 4911 3447 4973 2-73
3489 4909 3721 4969 10—1e;
3760 4908 3995 4969 23—253
4034 4905 4263 4956 30—32.
4321 4897 4421 4962 Εἰς
4457 4896 4520 4955 τὸ

808 4981 951 5043 αὐτὸ
990 4985 1088 5041 καὶ
1124 4983 1316 5051 ἄλλως.
1375 4993 1495 5055 966,
1537 4994 1745 5044 11-80
1782 4992 1933 5058 (nam
1970 4991 2042 5046 ad
2078 4992 2225 5048 hanc
2261 4993 2440 5048 solam
2475 4993 2808 5063 parficulam
2845 4994 3044 5051 titulus
3079 4995 3369 5067 pertinet);
3407 5001 3528 5064 961,
3567 4999 3801 5063 21-253
3840 4999 3963 5061 963,
4003 4997 4212 5048 18-24
4247 4992 4379 5046 cett.
4433 4989 4523 5044 Ad

810 5080 933 5147 943,
969 5081 1146 5132 4—10
1172 5078 1392 5133 tantum
1421 5077 1743 5148 adpositum
1781 5082 1868 5135 est
1893 5096 2007 5136 non
2027 5080 2311 5137 Diomedis
2339 5082 2438 5137 sed
2467 5081 2739 5154 Stephani
2764 5100 2996 5153 nomen,
3034 5100 3219 5140 errore
3244 5083 3486 5155 librarii,
3523 5082 3744 5155 opinor,
3783 5083 3880 5152 qui
3907 5081 4148 5137 auctoris
4174 5080 4524 5137 notationem

807 5162 869 5220 in
906 5164 1158 5234 margine
1196 5164 1479 5236 adpictam
1519 5167 1591 5222 ad
1629 5167 1873 5222 alienum
1910 5168 2095 5225 locum
2134 5170 2427 5227 referebat.
