4809 5959
2474 510 2555 520 ..-
2648 473 2736 538 40
2830 507 2908 520 .-

2290 656 2331 735 g
2383 651 2465 716 16
2511 649 2665 715 vm,
2710 647 2827 735 (20
2870 646 3098 733 Bekk.)

2386 802 2612 879 ηΕΡὶ
2654 816 3024 879 ’‘apopor-

1150 950 1486 1040 <”Λρθρον
1535 952 1671 1021 ἐστὶ
1719 952 1917 1040 μέρος
1960 951 2171 1038 λόγου
2205 948 2565 1036 πτωτικόν,
2610 947 3158 1036 προτασσόμενον
3194 948 3306 1016 καὶ
3351 945 3899 1034 ὑποτασσόμενον
3945 950 4064 1033 τῆς
4105 950 4386 1024 κλίσεως
4419 947 4543 1011 τῶν

831 1057 1212 1147 ὀνομάτων·
1257 1056 1700 1148 προτακτικὸν
1746 1058 1870 1146 μὲν
1917 1054 1986 1143 ὁ,
2033 1054 2480 1127 ὑποτακτικὸν
2525 1056 2603 1125 δὲ
2648 1053 2790 1137 Sp·
2836 1055 2949 1123 καὶ
2992 1054 3433 1144 προτακτικὸν
3479 1054 3602 1143 μὲν
3640 1047 3790 1123 οἷον
3836 1052 4226 1141 μακάριος
4271 1049 4309 1120 ὁ
4356 1049 4543 1137 ἀνὴρ

759 1184 791 1234 5
830 1169 1164 1252 ἐκεῖνος,
1222 1163 1304 1247 ὃς
1360 1164 1501 1235 οὐκ
1558 1163 1961 1253 ἐπορεύθη
2020 1165 2103 1232 έν
2157 1168 2407 1252 βουλῇ
2464 1159 2773 1249 ἀσεβῶν
2827 1164 2963 1253 (Ps.
3008 1162 3067 1244 I,
3119 1161 3205 1251 1).
3300 1159 3479 1230 Ἰδοὺ
3534 1164 3833 1229 ἐνταῦθα
3887 1160 3962 1228 έν
4017 1158 4140 1247 μὲν
4192 1163 4274 1248 τῇ
4330 1157 4542 1245 πρώτῃ

829 1274 998 1355 λέξει
1044 1271 1486 1360 προτάσσεται
1530 1272 1605 1340 τὸ
1656 1270 1954 1359 ἄρθρον,
2012 1273 2086 1340 έν
2144 1270 2220 1340 δὲ
2272 1274 2351 1360 τῇ
2410 1271 2687 1361 δευτέρᾳ
2740 1265 3202 1338 ὑποτάσσεται.
3304 1268 3723 1354 «Παρέπεται
3779 1266 3853 1336 δὲ
3901 1263 4079 1361 αὐτῷ
4135 1272 4319 1355 τρία,
4375 1266 4543 1352 γένη,

832 1377 1146 1466 ἀριθμοί,
1201 1377 1502 1458 πτώσεις·
1558 1377 1720 1464 γένη
1767 1375 1890 1464 μὲν
1932 1367 2058 1446 οὖν
2117 1381 2245 1445 εἰσι
2290 1381 2473 1463 τρία,
2522 1372 2559 1444 ὁ
2606 1374 2965 1463 ποιητής,
3010 1372 3054 1463 ἡ
3100 1380 3450 1463 ποίησις,
3495 1373 3579 1444 τὸ
3616 1380 3975 1462 ποίημα».
4042 1370 4223 1442 Ἰδοὺ
4261 1373 4545 1441 ἐνταῦθα

833 1483 870 1554 ὁ
917 1485 1243 1580 ποιητὴς
1286 1483 1649 1572 ἀρσενικοῦ
1695 1484 1934 1571 γένους
1978 1486 2191 1569 ἐστίν,
2236 1480 2280 1569 ἡ
2329 1482 2404 1551 δὲ
2449 1487 2769 1568 ποίησις
2813 1484 3154 1568 θηλυκοῦ,
3199 1480 3275 1549 τὸ
3307 1481 3383 1550 δὲ
3409 1487 3707 1569 ποίημα
3753 1482 4130 1569 οὐδετέρου.
4213 1477 4543 1565 (Ἀριθμοὶ

829 1605 1035 1680 τρεῖς,
1083 1591 1334 1678 ἕνικός,
1382 1589 1644 1676 δυῑκός,
1700 1588 2177 1677 πληθυντικός·
2232 1586 2455 1670 ἑνικὰς
2499 1587 2624 1675 μὲν
2669 1585 2706 1656 ὁ
2753 1585 2796 1676 ἡ
2842 1587 2987 1657 τό».
3075 1585 3254 1656 Ἰδοὺ
3309 1592 3446 1658 τῶν
3499 1593 3707 1677 τριῶν
3760 1592 3980 1676 γενῶν
4032 1586 4114 1656 τὰ
4171 1586 4427 1675 ἄρθρα·
4477 1582 4543 1651 τὸ

729 1716 795 1766 10
831 1699 954 1787 μὲν
1002 1696 1038 1767 ὁ
1086 1696 1476 1787 ἀρσενικοῦ,
1522 1696 1598 1765 τὸ
1648 1696 1723 1765 δὲ
1769 1693 1811 1782 ἡ
1857 1699 2197 1783 θηλυκοῦ,
2252 1694 2327 1764 τὸ
2374 1695 2451 1764 δὲ
2494 1694 2579 1764 τό
2629 1691 3004 1784 οὐδετέρου.
3095 1694 3397 1776 Πτώσεις
3454 1695 3528 1764 δὲ
3583 1691 3620 1763 ὁ
3676 1698 3800 1763 τοῦ
3853 1698 3946 1788 τῷ
4000 1693 4123 1762 τόν
4179 1685 4267 1779 ῶ,
4324 1686 4473 1760 οἷον
4510 1687 4543 1757 ὁ

831 1803 1287 1894 ἅνθρωπος,
1342 1806 1481 1872 τοῦ
1536 1801 2004 1889 ἀνθρώπου,
2058 1808 2158 1894 τῷ
2217 1799 2649 1894 ἀνθρώπῳ,
2712 1799 2851 1869 τὸν
2906 1797 3373 1891 ἄνθρωπον,
3439 1794 3493 1871 ῶ
3549 1799 3956 1889 ἄνθρωπε·
4019 1798 4286 1887 θηλυκὰ
4344 1796 4387 1887 ἡ
4438 1802 4544 1883 τῆς

830 1915 909 2000 τῇ
954 1912 1077 1999 τήν
1124 1903 1209 1995 ῶ,
1258 1904 1434 1979 οἷον
1480 1906 1523 1997 ἡ
1568 1909 1802 1997 γυνή,
1849 1914 1984 1996 τῆς
2028 1908 2439 1996 γυναικός,
2486 1912 2574 1997 τῇ
2620 1912 2973 1995 γυναικί,
3029 1906 3171 1995 τὴν
3225 1911 3594 1995 γυναῖκα,
3659 1900 3714 1977 ῶ
3768 1907 4041 1995 γύναι·
4104 1903 4426 1993 οὐδέτερα
4472 1902 4539 1972 τό

830 2022 953 2087 τοῦ
998 2021 1090 2110 τῷ
1135 2015 1213 2085 τό
1260 2008 1349 2101 ῶ,
1398 2009 1550 2085 οἷον
1601 2013 1687 2084 τὸ
1747 2017 1952 2103 μέλι,
2007 2020 2149 2085 τοῦ
2204 2017 2551 2103 μέλιτος,
2605 2018 2706 2108 τῷ
2752 2017 3042 2102 μέλιτι,
3095 2013 3180 2083 τὸ
3237 2017 3442 2103 μέλι,
3498 2007 3553 2084 a?
3609 2016 3801 2102 μέλι.
3902 2011 4127 2083 Δυῐκά
4184 2010 4545 2100 ἀρσενικόν

837 2123 931 2192 τώ
975 2136 1122 2193 τοῖν
1170 2114 1256 2208 ῶ,
1306 2115 1456 2191 οἷον
1491 2120 1592 2192 τῶ
1636 2121 2065 2210 ἀνθρώπω,
2110 2135 2285 2191 τοῖν
2323 2119 2825 2210 ἀνθρώποιν,
2872 2113 2926 2190 ῶ
2965 2119 3390 2208 ἀνθρώπω·
3440 2119 3637 2191 δυϊκά
3674 2118 3942 2208 θηλυκὰ
3978 2119 4058 2188 τά
4097 2131 4250 2187 ταῖν
4288 2110 4368 2204 ῶ,
4415 2111 4547 2185 οἶον

731 2247 798 2297 15
833 2229 922 2298 τὰ
971 2227 1275 2312 Ἑλένα,
1330 2241 1508 2296 ταῖν
1554 2225 1945 2315 Ἑλέναιν,
2001 2221 2056 2298 a?
2103 2226 2398 2297 Ἑλένα.
2496 2228 2938 2313 Πληθυντικὰ
2994 2226 3370 2316 ἀρσενικῶν
3424 2231 3495 2296 οἱ
3544 2232 3680 2298 τῶν
3733 2240 3875 2309 τοῖς
3926 2226 4088 2307 τούς
4136 2218 4229 2312 ῶ,
4286 2218 4436 2292 οἷον
4485 2226 4551 2291 οἶ

835 2335 1284 2424 ἅνθρωποι,
1329 2340 1483 2404 τῶν
1527 2332 2008 2424 ἀνθρώπων,
2053 2348 2224 2416 τοῖς
2257 2333 2746 2422 ἀνθρώποις,
2784 2333 2966 2415 τοὺς
3001 2333 3509 2422 ἀνθρώπους,
3549 2326 3602 2403 ῶ
3640 2332 4085 2421 ἅνθρωποι·
4140 2329 4547 2424 πληθυντικὰ

832 2441 1098 2531 θηλυκά
1145 2446 1221 2510 αἱ
1261 2445 1397 2510 τῶν
1432 2454 1578 2522 ταῖς
1613 2441 1730 2523 τάς
1767 2435 1853 2530 ῶ,
1901 2438 2050 2511 οἷον
2097 2445 2181 2511 αἰ
2221 2454 2626 2529 γυναῖκες,
2670 2444 2825 2510 τῶν
2870 2445 3306 2529 γυναικῶν,
3350 2454 3522 2522 ταῖς
3567 2443 3915 2529 γυναιξί,
3962 2437 4101 2520 τάς
4146 2451 4546 2526 γυναῖκας,

835 2543 890 2620 ῶ
935 2551 1328 2637 γυναῖκες.

2165 2695 2206 2775 ἓ
2257 2693 2337 2760 17
2385 2693 2539 2759 Vhl.
2585 2690 2695 2779 (21
2748 2697 2813 2758 et
2858 2694 2944 2758 22
2991 2691 3219 2779 Bekk.)

731 2868 801 2918 το
2265 2847 2491 2924 112111x
2541 2848 3149 2923 ἈΝΤΩΝΥΜῘΑΣ

1153 2989 1607 3080 «Ἀντωνυμία
1631 2993 1770 3062 ἐστὶ
1815 2994 1987 3076 λέξις
2030 2991 2181 3063 ἀντὶ
2229 2991 2558 3081 ὀνόματος
2603 2995 3283 3081 παραλαμβανομένη,
3328 2992 3705 3082 προσώπων
3752 2990 4144 3081 ὡρισμένων
4173 2987 4549 3079 δηλωτική».

830 3097 1245 3185 Ἀντωνυμία
1288 3106 1615 3185 καλεῖται,
1663 3097 1765 3168 ὅτι
1811 3098 1963 3168 ἀντὶ
2011 3098 2341 3188 ὀνόματος
2384 3098 3002 3187 παραλαμβάνεται,
3057 3097 3149 3180 ῶς
3193 3098 3358 3168 ὅταν
3405 3106 3690 3186 εἴπωμεν
3747 3096 3785 3168 ὁ
3835 3097 4083 3167 ὀπίσω
4139 3125 4289 3186 μου
4345 3093 4549 3184 έρχό-

837 3231 1070 3292 μενος
1116 3204 1633 3294 ἰσχυρότερός
1676 3205 1826 3293 μού
1874 3208 2122 3294 ἐστιν,
2178 3198 2271 3276 οὑ
2318 3205 2463 3276 οὐκ
2509 3207 2671 3295 εἰμὶ
2718 3204 2997 3285 ἱκανὸς
3050 3204 3294 3286 κύψας
3348 3209 3579 3274 λῦσαι
3633 3203 3770 3276 τὸν
3827 3204 4116 3293 ἱμάντα
4167 3209 4321 3273 τῶν
4377 3200 4551 3273 ὑπο-

837 3311 1208 3398 δημάτων
1239 3309 1512 3380 αὐτοῦ·
1551 3311 1785 3394 αὐτὸς
1811 3310 2013 3401 ὑμᾶς
2040 3319 2402 3401 βαπτίσει
2443 3317 2527 3384 έν
2564 3311 2952 3400 πνεύματι
2988 3309 3186 3405 ἁγίῳ
3221 3312 3352 3380 καὶ
3379 3318 3572 3398 πυρί
3603 3312 3750 3400 (Ev.
3778 3313 4008 3380 Matth.
4054 3313 4182 3398 III,
4216 3311 4355 3401 11)·
4412 3307 4553 3379 ίδοὺ

730 3434 800 3485 25
838 3420 1140 3487 ἐνταῦθα
1184 3415 1226 3504 ἡ
1277 3409 1368 3488 οὗ
1413 3416 1806 3507 ἀντωνυμία
1851 3421 2034 3489 ἐστὶν
2079 3417 2229 3488 ἀντὶ
2273 3423 2416 3488 τοῦ
2465 3422 2843 3509 Χριστοῦ,
2889 3418 3000 3487 καὶ
3046 3416 3288 3500 αὐτὸς
3332 3415 3539 3507 ὑμᾶς
3583 3417 3997 3507 ἀντωνυμίαι
4044 3418 4220 3487 εἰσὶν
4256 3416 4407 3486 ἀντὶ
4444 3420 4554 3484 τοῦ

839 3522 877 3594 ὁ
925 3522 1266 3612 Χριστὸς
1308 3520 1510 3611 ὑμᾶς
1554 3526 1740 3606 τοὺς
1795 3524 2276 3615 ἀνθρώπους
2329 3532 2650 3614 βαπτίσει.
2742 3525 3185 3614 (Προσώπων
3240 3526 3315 3595 δὲ
3370 3523 3763 3613 ὡρισμένων
3808 3525 4214 3613 δηλωτική»,
4269 3525 4553 3593 τουτέστι

1158 3755 1390 3812 DISCR.
1429 3757 1581 3813 SCR.
1620 3758 1698 3813 IN
1736 3757 2085 3814 MLHRKP
2156 3758 2194 3814 2
2229 3761 2361 3830 post
2383 3754 2555 3815 tam.
2592 3756 2720 3813 add.
2756 3752 2821 3811 τὸ
2859 3751 3080 3825 ἄρθρον
3116 3755 3284 3827 μέρος
3319 3753 3488 3826 λόγου
3527 3752 3644 3813 ἐστὶ
3680 3753 3730 3812 δ’
3774 3758 3831 3812 Ρ
3860 3759 3881 3827 fl
3915 3756 3954 3813 8
3989 3756 4086 3812 καὶ
4122 3752 4393 3812 ὑποτασσ.
4431 3759 4553 3824 tup.

839 3847 970 3915 post
1005 3839 1303 3914 ὀνομάτων
1338 3844 1541 3899 ΗΒΚ
1577 3848 1599 3916 Ι
1642 3845 1681 3902 4
1717 3865 1980 3916 προτακτ,
2016 3844 2122 3918 μὲν
2158 3878 2228 3888 -
2263 3842 2513 3918 ἀσεβῶν]
2561 3845 2684 3901 οἷον
2721 3841 2753 3900 ὁ
2801 3840 2982 3908 ἄθεος
3025 3840 3199 3915 ἀνὴρ,
3243 3839 3310 3911 ὃς
3355 3841 3628 3903 οὐδέποτε
3669 3841 3733 3901 έν
3767 3847 3892 3917 θεῷ
3928 3845 4355 3912 πεπολίτευται,
4400 3843 4495 3899 καὶ
4528 3838 4555 3897 ὅ

839 3927 1018 3987 ὀπίσω
1053 3953 1163 4003 μου
1195 3929 1513 4005 ἐρχόμενος,
1542 3928 1605 3997 ὃς
1635 3932 1961 4004 ἔμπροσθέν
1988 3955 2098 4005 μου
2127 3935 2379 4005 γέγονεν,
2408 3929 2497 3991 ὅτι
2523 3931 2745 4005 πρῶτός
2771 3953 2882 4005 μου
2909 3925 2981 4004 ἦν
3007 3934 3075 3990 Κ
3094 3938 3115 4005 Ι
3141 3934 3178 3990 8
3203 3928 3366 4003 Ἀριθ.
3400 3966 3467 3977 -
3497 3931 3801 4005 οὐδετέρου
3829 3936 3949 4006 (10)
3978 3953 4089 3992 om.
4108 3935 4175 3990 K
4200 3938 4210 4005 1
4234 3930 4333 4006 Ἄρ.
4365 3933 4433 3991 δέ
4461 3932 4554 3990 εἰσι

840 4040 921 4089 τρ.
961 4021 1089 4076 HR
1113 4024 1135 4091 Ι
1159 4023 1198 4076 9
1234 4024 1322 4079 δυ.
1361 4022 1460 4077 καὶ
1495 4025 1669 4092 πληθ.
1701 4022 1829 4077 HR
1858 4025 1868 4091 Ι
1898 4023 1998 4079 καὶ
2035 4020 2116 4079 ἓν.
2156 4022 2260 4079 ιιὲν
2289 4024 2415 4081 HR
2445 4027 2455 4093 Ι
2489 4020 2616 4080 loon}
2646 4054 2716 4065 —
2744 4018 3078 4096 οὐδετέρου]
3117 4020 3316 4087 δυϊκὸς
3350 4022 3415 4079 δὲ
3453 4020 3531 4079 τώ
3568 4021 3667 4093 τά,
3702 4022 4089 4093 πληθυντικὰς
4124 4024 4188 4081 δὲ
4228 4023 4289 4081 οῖ
4319 4022 4390 4080 αἱ
4421 4021 4488 4079 τά
4514 4021 4564 4076 Ρ

846 4109 854 4179 Ι
893 4105 965 4164 τὰ
1000 4125 1109 4164 om.
1151 4111 1227 4164 Μ
1232 4111 1284 4164 L
1308 4114 1331 4181 n
1357 4110 1434 4167 10
1467 4106 1706 4174 πτώσεις
1739 4110 1804 4168 δὲ
1845 4106 2031 4168 ἕνικαὶ
2065 4110 2262 4182 πέντε,
2308 4108 2339 4167 ὁ
2378 4114 2447 4168 H
2450 4112 2529 4182 R,
2565 4108 2803 4174 πτώσεις
2839 4108 2883 4167 ε’
2922 4107 2954 4166 ὁ
2992 4111 3087 4182 Pu
3114 4112 3184 4168 11
3214 4108 3468 4186 θηλυκὰ]
3507 4111 3717 4184 ὁμοίως
3752 4112 3854 4168 καὶ
3887 4113 4138 4182 θηλυκαὶ
4173 4111 4344 4170 πέντε
4386 4111 4510 4168 ΗΒ
4542 4133 4559 4166 ι,

844 4195 918 4252 12
955 4193 989 4267 ἡ
1027 4194 1173 4268 γυνὴ
1212 4231 1280 4239 -
1318 4191 1362 4254 ῶ
1399 4197 1595 4272 γύναι]
1633 4195 1670 4270 ἡ
1709 4197 1849 4270 καλὴ
1889 4201 1989 4271 τῆς
2024 4201 2197 4271 καλῆς
2233 4202 2300 4272 τῇ
2336 4202 2482 4274 καλῇ
2519 4197 2623 4272 τὴν
2658 4198 2837 4271 καλὴν
2873 4191 2919 4256 ῶ
2951 4197 3096 4271 καλή
3125 4202 3191 4257 Κ
3217 4204 3227 4271 Ι
3258 4199 3556 4276 οὐδέτερα]
3588 4198 3795 4274 ὁμοίως
3830 4202 3927 4257 καὶ
3964 4200 4283 4271 οὐδέτερον
4318 4198 4558 4272 (οὐδετέ-

840 4304 974 4354 ρους
991 4285 1069 4354 R)
1095 4286 1265 4343 πέντε
1292 4288 1359 4342 H
1362 4289 1419 4344 R
1442 4292 1464 4360 Ι
1492 4289 1565 4346 18
1592 4292 1796 4361 postor.
1825 4286 1890 4346 τὸ
1919 4288 2044 4361 μέλι
2080 4308 2189 4349 om.
2214 4290 2297 4362 ,ΡΙ
2321 4292 2534 4346 δυϊκῶν
2560 4289 2625 4346 δὲ
2663 4285 2787 4360 ἀρσ.
2814 4296 2964 4359 τρεῖς
2980 4290 3049 4345 Κ
3073 4294 3082 4360 1
3113 4286 3264 4364 ἀρσ.]
3292 4292 3404 4347 τῶν
3431 4287 3743 4361 ἀρσενικῶν
3770 4293 3898 4361 τρία
3920 4293 3988 4347 H
3988 4292 4045 4348 R
4070 4295 4092 4363 ΙΙ
4118 4291 4193 4349 14
4221 4287 4267 4348 ῶ
4294 4288 4557 4360 ἄνθρωπε

844 4375 922 4430 M
929 4374 983 4430 L
1015 4379 1023 4442 Ι
1055 4370 1361 4444 ἀνθρώπω.
1403 4375 1668 4443 ὧσαύτως
1704 4379 1802 4434 καὶ
1837 4376 1903 4434 τδ
1942 4374 2261 4449 οὐδέτερον.
2299 4380 2570 4450 θηλυκῶν
2605 4377 2669 4435 δὲ
2711 4378 2835 4435 οἷον
2869 4376 2939 4434 τὰ
2978 4375 3055 4438 ἕλ.
3092 4380 3157 4435 Κ
3182 4387 3192 4450 Ι
3221 4382 3377 4454 θηλ.]
3423 4384 3535 4437 τῶν
3570 4382 3840 4451 θηλυκῶν
3875 4384 4002 4450 τρία
4039 4382 4165 4438 HR
4200 4384 4222 4451 Β
4258 4382 4333 4438 15
4369 4372 4417 4436 ὅ
4456 4375 4557 4435 ἕλε’·

840 4484 973 4519 ναιν
1010 4463 1144 4518 ML
1192 4465 1202 4532 Ι
1250 4469 1382 4534 post
1416 4459 1461 4520 ῶ
1501 4462 1575 4522 §L
1615 4466 1744 4523 add.
1781 4464 1952 4524 δυϊκᾶ
1989 4468 2104 4523 τῶν
2151 4462 2467 4536 οὐδετέρων
2512 4470 2663 4536 τρία,
2708 4463 2784 4522 τώ
2820 4473 2945 4524 τοῖν
2982 4459 3053 4536 ῶ,
3090 4465 3166 4524 τῶ
3197 4465 3410 4541 βήματε
3449 4477 3571 4526 τοῖν
3599 4467 3875 4543 βημάτοιν
3914 4462 3957 4526 ῶ
3990 4465 4202 4544 βήματε
4233 4470 4362 4526 HR
4414 4477 4423 4538 Ι
4471 4467 4559 4525 καὶ

838 4553 1240 4622 πληθυντικῶν
1276 4549 1399 4623 α”ρσ.
1429 4554 1552 4611 οἷον
1580 4553 1640 4611 οἱ
1662 4556 1728 4610 Κ
1753 4560 1763 4624 1
1794 4552 1942 4628 ἀρσ.]
1980 4556 2093 4612 τῶν
2129 4551 2445 4626 ἀρσενικῶν
2479 4554 2648 4613 πέντε
2682 4557 2809 4612 HR
2832 4559 2856 4627 Ι
2882 4558 2957 4613 16
2988 4561 3159 4628 πληθ.
3190 4560 3348 4631 θηλ.]
3379 4562 3550 4629 πληθ.
3577 4561 3690 4615 τῶν
3717 4560 3986 4629 θηλυκῶν
4012 4559 4183 4616 πέντε
4214 4560 4359 4629 HR,
4396 4563 4561 4630 θηλν·

841 4641 960 4697 κῶν
998 4641 1063 4697 δὲ
1083 4642 1150 4696 Κ
1168 4642 1190 4712 ΙΙ
1217 4641 1285 4697 17
1327 4641 1450 4698 οἷον
1480 4674 1547 4685 -
1577 4635 1622 4699 ῶ
1658 4647 1950 4716 γυναῖκες]
1987 4642 2054 4700 αἴ
2085 4644 2254 4700 καλαὶ
2287 4644 2401 4701 τῶν
2438 4645 2626 4701 καλῶν
2659 4653 2785 4710 ταῖς
2820 4651 3020 4710 καλαῖς
3053 4643 3155 4711 τάς
3180 4643 3359 4711 καλὰς
3386 4640 3433 4703 οἶ
3461 4651 3635 4705 καλαί
3660 4649 3725 4704 Κ
3745 4653 3766 4719 Ι
3793 4650 3867 4706 18
3894 4653 4026 4720 post
4063 4641 4108 4704 ῶ
4134 4656 4405 4720 γυναῖκες
4441 4647 4559 4705 add.

843 4724 1200 4799 πληθυντικά
1238 4728 1351 4784 τῶν
1386 4725 1703 4800 οὐδετέρων
1741 4733 1937 4801 πέντε,
1983 4730 2054 4788 τά
2091 4734 2204 4789 τῶν
2239 4738 2359 4798 τοῖς
2393 4731 2466 4789 τά
2501 4727 2573 4804 ῶ,
2618 4731 2689 4790 τά
2734 4730 2959 4807 βήματα
3004 4735 3116 4789 τῶν
3169 4734 3434 4808 βημάτων
3480 4743 3598 4801 τοῖς
3632 4735 3845 4810 βήμασι
3888 4736 3958 4794 τὰ
3997 4739 4223 4814 βήματα
4258 4731 4303 4795 οἶ
4342 4736 4559 4812 βήματα

846 4817 1001 4888 HR,
1038 4813 1357 4887 οὐδετέρων
1393 4818 1457 4875 δὲ
1496 4815 1567 4874 τά
1596 4819 1706 4875 τῶν
1742 4827 1859 4885 τοῖς
1894 4817 1964 4877 τά
2002 4813 2074 4892 ὦ,
2111 4817 2182 4877 τὰ
2218 4824 2375 4893 τείχη
2412 4824 2524 4878 τῶν
2561 4824 2761 4894 τειχῶν
2796 4830 2913 4887 τοῖς
2939 4826 3147 4896 τείχεσι
3182 4822 3253 4881 τά
3291 4829 3448 4898 τείχη
3475 4817 3521 4882 ῶ
3559 4829 3715 4899 τείχη
3742 4828 3827 4895 Κ,
3867 4826 4220 4898 πληθυντικά
4249 4824 4561 4898 οὐδετέρων

844 4905 915 4961 τά
952 4907 1064 4962 τῶν
1101 4913 1219 4971 τοῖς
1254 4903 1325 4963 τά
1361 4902 1423 4962 d.
1496 4909 1610 4962 τῶν
1646 4903 1963 4978 οὐδετέρων
2001 4904 2036 4978 ἡ
2075 4905 2223 4980 αὐτή
2263 4906 2415 4966 ἐστιν
2448 4907 2601 4982 ὀρθὴ
2640 4912 2738 4968 καὶ
2774 4910 3056 4982 αίτιατικὴ
3096 4914 3194 4970 καὶ
3230 4912 3462 4986 κλητική
3504 4916 3559 4971 Ρ
3581 4918 3602 4986 Ι
3627 4917 3704 4973 20
3740 4921 3812 4972 Π.
3846 4912 3911 4973 ’A.
3950 4935 4060 4974 om.
4098 4919 4155 4973 R
4167 4920 4224 4974 P
4260 4921 4271 4990 Ι
4315 4914 4559 4975 ἀντονο·

846 4996 993 5138 μιῶέ
1029 4996 1237 5066 11128
1274 4997 1373 5142 tog
1410 4991 1780 5066 ὑποδήματος
1807 4998 1870 5052 K
1876 5000 1964 5067 ΡΙ
1989 4997 2066 5054 24
2104 4994 2166 5054 ἐν
2201 4996 2485 5069 πνεύματι
2520 5032 2590 5042 -
2626 5001 2762 5070 πυρὶ
2800 5019 2907 5058 om.
2946 5003 3009 5057 Κ
3028 5006 3050 5074 Ι
3075 5003 3151 5060 25
3190 4999 3451 5061 ἐνταῦθα
3487 5022 3597 5062 om.
3628 5006 3693 5061 K
3714 5009 3735 5076 n
3760 5007 3836 5063 26
3873 5002 4049 5070 αὐτὸς
4084 5003 4115 5062 ὁ
4155 5011 4256 5077 Xe.
4286 5009 4351 5064 Κ
4378 5014 4385 5077 Ι
4418 5028 4565 5065 τοντ.

853 5113 918 5123 —
995 5103 1131 5141 εικτ.
1168 5101 1275 5141 om.
