4809 5959
1969 510 2405 574 -11-

321 686 480 770 943,
518 684 873 773 30-33¹);
920 687 1175 753 lemma.
1221 687 1381 771 946,
1418 683 1778 773 26—30²);
1825 686 2078 752 lemma.
2126 686 2284 769 948,
2327 688 2604 753 11-14.
2688 683 2834 753 «Τὰ
2880 685 2957 754 δὲ
3003 682 3406 775 ἀθροίσεως,
3455 683 3606 757 οἷον
3650 685 3868 777 ἄρδην
3914 687 4052 777 ἅμα

320 787 589 877 ἤλιθα».
679 787 1109 879 ἀθροίζοντες
1151 788 1279 880 γὰρ
1323 790 1435 858 καὶ
1483 790 1967 878 συστρέφοντες
2013 788 2218 879 ὄχλον
2259 787 2524 871 τούτοις
2577 790 2956 880 κεχρήμεθα
3002 802 3143 873 τοῖς
3197 793 3664 882 ἐπιρρήμασιν,
3721 790 3870 864 οἷον
3914 793 4051 883 ἅμα

321 895 829 984 περιπατήσατε,
876 894 1012 985 ἅμα
1057 894 1441 985 συνήλθετε.
1526 896 1670 965 «T6
1717 896 1792 965 δὲ
1836 894 2408 985 παρακελεύσεως,
2456 890 2606 966 οἷον
2653 895 2756 966 εἶα
2802 895 2920 984 ἄγε
2967 899 3189 988 φέρε».
3263 897 3355 967 δι’
3407 897 3633 969 αὐτῶν
3676 900 3803 990 γὰρ
3840 926 4050 987 παρα-

320 1001 760 1091 κελευόμεθα·
806 1001 926 1089 ἄγε
964 1002 1049 1092 δὴ
1086 1004 1272 1073 τουτὶ
1309 1002 1861 1102 συνάρπασαι(ἳ)·
1908 1002 2097 1092 ἄγρει
2134 1002 2302 1091 μάν,
2350 998 2448 1072 ὅτ’
2493 998 2581 1071 ἂν
2626 995 2785 1073 αὖτε
2831 1004 3381 1093 καρηκομόωντες
3418 1002 3677 1094 Ἀχαιοί
3716 1010 3839 1094 <H
3853 1011 4051 1094 459).

320 1109 434 1176 καὶ
478 1107 603 1197 χρὴ
652 1108 1037 1197 γινώσκειν,
1094 1107 1184 1191 ῶς
1230 1108 1499 1199 εὕρηται
1544 1108 1625 1178 τὰ
1668 1114 1944 1180 τοιαῦτα
1991 1108 2400 1198 ἐπιρρήματα
2448 1114 2543 1190 είς
2586 1109 2908 1198 πρόσωπα
2952 1111 3317 1200 κινούμενα
3362 1113 3823 1203 προστακτικά.
3895 1118 4053 1202 949,

325 1219 518 1285 7-9.
594 1214 737 1284 «Τὰ
792 1216 865 1284 δὲ
912 1217 1293 1304 ἐπιτάσεως,
1351 1212 1501 1286 οἷον
1554 1223 1709 1286 λίαν
1764 1217 2094 1307 σφόδρα».
2184 1218 2476 1297 ἐπίτασις
2526 1217 2639 1285 καὶ
2691 1217 3060 1307 παράτασις
3113 1217 3362 1287 ταύτόν
3408 1221 3574 1305 ἐστι,
3630 1221 3739 1289 καὶ
3797 1228 4050 1309 εἴρηται

322 1318 765 1402 ἐπιτάσεως’“
724 1350 765 1410 η
811 1324 1240 1411 παρατάσεως
1281 1322 1361 1392 τὰ
1405 1327 1681 1393 τοιαῦτα
1728 1323 2168 1414 ἐπιρρήματα,
2223 1321 2452 1410 ἐπειδὴ
2499 1319 2589 1391 δι’
2641 1320 2869 1393 αὐτων
2925 1325 3339 1412 ἐπιτείνομεν
3390 1326 3501 1394 καὶ
3547 1323 3927 1415 αὐξάνομεν
3969 1327 4051 1396 τὰ

323 1426 708 1517 πράγματα,
764 1414 914 1497 οἷον
967 1428 1120 1497 λίαν
1167 1429 1396 1515 τύπτε,
1451 1429 1722 1519 σφόδρα
1774 1435 2004 1499 πείσει.
2074 1433 2328 1499 lemma.
2374 1433 2533 1512 950,
2578 1434 2719 1498 4-
2734 1434 2835 1500 12.
2899 1430 3044 1500 «Τὰ
3089 1431 3165 1500 δὲ
3207 1432 3652 1520 κατωμοτικά,
3708 1427 3858 1503 οἷον
3902 1433 4054 1521 νή».

321 1532 800 1623 πατωμοτικόν,
847 1561 884 1603 ο
924 1536 1060 1604 ἐστι
1099 1546 1174 1604 τὸ
1212 1532 1370 1624 μεθ’
1412 1533 1622 1625 ὅρκου
1655 1534 2117 1623 βεβαιωτικόν,
2168 1531 2318 1606 οἷον
2355 1535 2441 1625 νὴ
2478 1540 2677 1606 τοῦτο
2713 1534 2788 1607 τὸ
2828 1541 3166 1628 σκῆπτρον
3193 1541 3299 1626 <A
3326 1543 3526 1627 234),
3572 1532 3615 1628 ἦ
3661 1537 3806 1627 τάχ’
3842 1539 4049 1627 Ἀχιλ-

322 1644 483 1729 λῆος
525 1640 695 1710 ποθι
755 1643 959 1723 ἵξεται
1005 1635 1156 1722 υἷας
1195 1638 1476 1731 Ἀχαιῶν
1521 1645 1628 1729 (Α
1673 1644 1867 1731 240).
1935 1645 2087 1730 950,
2137 1645 2301 1711 15-
2311 1648 2427 1732 22·
2473 1647 2625 1732 951,
2670 1647 2863 1715 5-8.

645 1804 698 1871 1)
737 1801 892 1857 adda
944 1796 1174 1857 Τούτων
1220 1798 1347 1857 τινὰ
1394 1801 1500 1874 μέν
1546 1802 1689 1858 εἰσιν
1738 1798 1813 1866 ῶς
1849 1802 1919 1858 τὰ
1964 1803 2190 1873 τριγενῆ
2236 1804 2351 1858 τῶν
2397 1799 2684 1874 όνομάτον
2732 1801 2795 1860 έν
2842 1799 3161 1878 ἀκολουθία
3200 1806 3395 1875 φωνῆς
3437 1802 3539 1869 τὰς
3574 1811 3725 1876 τρεῖς
3769 1808 4052 1876 δηλοῦντα

323 1888 565 1959 σχέσεις,
604 1884 678 1954 ὥς
714 1886 777 1947 τὸ
817 1892 964 1946 οἴκοι
1002 1892 1199 1946 οἶκαδε
1239 1892 1502 1960 οἴκοθεν,
1538 1911 1575 1945 α
1614 1889 1679 1946 δὲ
1719 1884 1905 1960 ῶσπερ
1940 1887 2011 1946 τὰ
2050 1886 2241 1957 κοινά,
2280 1869 2356 1955 ῶς
2390 1886 2456 1947 τό
2497 1888 2646 1947 ἔνθα
2684 1891 2782 1947 καὶ
2817 1887 2921 1961 τὴν
2950 1888 3014 1948 ἐν
3051 1889 3210 1965 τόπῳ
3245 1890 3433 1963 σχέσιν
3468 1895 3655 1963 δηλοῖ,
3694 1890 3770 1958 ῶς
3804 1895 3869 1951 τὸ
3901 1894 4051 1951 ἔνθα

321 1977 544 2049 μένειν,
593 1979 691 2034 καὶ
728 1973 831 2048 τὴν
869 1978 953 2043 είς
986 1974 1191 2047 τόπον,
1238 1974 1312 2043 ῶς
1356 1975 1419 2034 τὸ
1461 1977 1611 2035 ἔνθα
1649 1976 2063 2050 καταπλέομεν,
2109 1972 2147 2033 ἃ
2194 1978 2258 2034 δὲ
2308 1975 2384 2043 ῶς
2428 1976 2497 2035 τὰ
2536 1980 2841 2051 μονογενῆ,
2890 1976 3089 2045 καθῶς
3135 1979 3254 2053 ἔχει
3289 1979 3351 2038 τὸ
3391 1982 3503 2037 ἵνα.
3579 1978 3705 2039 τινὰ
3742 1981 3808 2039 δὲ
3848 1982 3946 2038 καὶ
3984 1979 4049 2040 έν

322 2067 427 2138 μιᾷ
465 2067 628 2137 φωνῇ
666 2064 768 2131 τὰς
804 2074 953 2139 τρεῖς
988 2069 1222 2136 δηλοῦσι
1259 2067 1498 2138 σχέσεις,
1546 2064 1621 2131 ῶς
1663 2065 1728 2123 τὸ
1769 2066 2107 2138 ἔμπροσθεν.
2179 2066 2278 2122 καὶ
2323 2063 2431 2123 ὅσα
2475 2067 2583 2140 μὲν
2626 2065 2786 2139 παρὰ
2829 2069 3159 2139 προθέσεως
3205 2069 3375 2135 εἰς’·
3328 2092 3371 2124 ω
3409 2067 3668 2141 λήγουσι,
3714 2072 3893 2127 ταῦτα
3940 2069 4047 2127 δύο

324 2153 540 2224 σχέσεις
567 2159 743 2226 δηλοῖ,
769 2153 874 2226 τὴν
904 2153 968 2212 ἐν
994 2153 1149 2229 τόπῳ
1177 2155 1276 2210 καὶ
1303 2153 1408 2227 τὴν
1436 2154 1516 2219 εἰς
1542 2150 1736 2225 τόπον,
1764 2150 1889 2211 ἄνω
1915 2151 2065 2210 κάτω
2094 2151 2281 2225 πρόσω
2313 2154 2445 2223 ἔξω·
2475 2151 2621 2213 ὅθεν
2649 2152 2755 2213 οὐκ
2785 2158 2842 2227 (l.
2864 2153 2932 2213 οὐ
2959 2154 3057 2230 μὴ)
3087 2155 3248 2233 ἄλγει
3276 2153 3351 2224 ῶς
3377 2180 3528 2224 τινες
3555 2157 3710 2231 παρὰ
3737 2162 3814 2233 τῷ
3844 2162 4048 2234 ποιητῇ

326 2243 468 2299 «καὶ
505 2247 637 2301 εἴσω
676 2240 890 2314 δόρπον
930 2239 1199 2315 ἐκόσμει»
1247 2244 1322 2315 <η
1366 2246 1472 2317 13)
1510 2241 1612 2314 τὴν
1649 2240 1713 2299 ἐν
1750 2238 1903 2317 τόπῳ
1941 2244 2206 2314 δηλοῦντι
2252 2242 2464 2319 σχέσιν,
2514 2242 2640 2301 ἐπεὶ
2685 2242 2749 2302 τὸ
2789 2243 2956 2302 ἔνδον
3003 2244 3107 2318 τὴν
3156 2243 3220 2303 έν
3256 2244 3411 2322 τόπῳ
3448 2250 3635 2319 δηλοῖ,
3684 2249 3740 2306 εί
3780 2247 3855 2322 μή
3903 2270 4050 2315 τινες

323 2326 651 2399 α’ντιλέξωσι
686 2335 967 2405 λέγοντες,
1014 2328 1103 2389 ὅτι
1141 2333 1260 2389 ἔδει
1297 2329 1439 2390 αὐτὸ
1481 2331 1583 2405 τὴν
1618 2333 1702 2397 είς
1738 2329 1914 2389 τόπον
1949 2329 2127 2403 μόνον
2163 2336 2390 2405 δηλοῦν.
2466 2334 2563 2390 καὶ
2608 2329 2714 2390 ὅσα
2760 2333 2842 2399 είς
2877 2340 2941 2407 ᾗ,
2988 2332 3157 2392 πάλιν
3202 2333 3303 2400 τὰς
3347 2333 3453 2393 δύο
3502 2335 3718 2408 σχέσεις
3754 2340 3937 2408 δηλοῖ·
3986 2335 4050 2396 ἐν

322 2418 479 2493 τόπῳ
517 2421 625 2494 μὲν
672 2419 855 2496 «άλλη
902 2422 1007 2494 μὲν
1052 2420 1160 2493 γὰρ
1207 2418 1318 2492 έγό
1355 2418 1412 2492 γ’
1453 2418 1521 2479 οὐ
1569 2424 1757 2478 δείδια
1802 2428 1993 2492 χεῖρας
2039 2418 2336 2488 άάπτους»
2384 2423 2491 2497 (Ν
2523 2425 2640 2493 49)·
2686 2423 2767 2487 είς
2814 2420 2991 2480 τόπον
3026 2424 3090 2481 δὲ
3130 2420 3206 2482 «ὅ
3244 2446 3340 2497 μοι
3384 2424 3556 2496 γέρας
3602 2424 3823 2498 ἔρχεται
3869 2422 4051 2499 ἄλλῃ»

322 2510 410 2582 <A
444 2513 603 2584 120).
642 2507 826 2567 «άλλά
862 2531 943 2583 πῃ
978 2506 1117 2583 ἄλλῃ
1144 2507 1372 2579 πλάζετ’
1415 2507 1510 2568 ἐπ’
1541 2505 1927 2579 άνθρῶπους»
1965 2511 2040 2581 (γ
2068 2518 2169 2567 261
2200 2514 2350 2585 eq),
2399 2508 2465 2568 έν
2500 2508 2669 2584 τόπῳ.
2731 2509 3071 2592 Ἀνδρομάχη
3118 2515 3175 2583 (l.
3213 2516 3294 2586 πῇ
3334 2514 3435 2590 ἔβη
3471 2511 3664 2586 'Atrdae
3702 2518 3791 2573 est
3825 2520 3867 2572 Z
3905 2520 4051 2586 877),

324 2598 407 2661 είς
441 2596 634 2655 τόπον.
685 2594 824 2657 Ὅσα
862 2599 927 2656 δὲ
968 2598 1049 2664 είς
1084 2606 1172 2669 ἥ,
1211 2597 1314 2670 τὴν
1353 2595 1418 2657 έν
1452 2596 1606 2673 τόπῳ
1642 2597 1830 2670 σχέσιν
1867 2602 2054 2670 δηλοῖ,
2092 2597 2291 2669 «ὑψοῦ
2329 2599 2394 2657 δὲ
2433 2597 2709 2657 θάσσων»
2749 2601 2918 2673 (Eur.
2958 2601 3157 2658 Bacch.
3201 2605 3406 2678 1111),
3454 2599 3676 2660 «αὐτοῦ
3723 2603 3821 2660 καὶ
3866 2610 4050 2672 κριοῖο

320 2685 616 2757 θοῶτεραί
648 2688 755 2745 εἰσι
793 2689 1104 2747 κέλευθοι»
1142 2692 1320 2760 (Atat.
1358 2696 1487 2760 226,
1526 2690 1622 2746 ubi
1659 2694 1849 2746 tamen
1886 2684 2213 2760 θοῶταται).
2290 2687 2468 2761 μόνον
2504 2686 2567 2744 τὸ
2605 2692 2718 2745 ποῦ
2763 2689 2862 2745 καὶ
2905 2687 3008 2761 τῆν
3057 2689 3137 2754 είς
3172 2687 3350 2748 τόπον
3388 2688 3606 2763 εὑρέθη
3644 2694 3854 2762 δηλοῦν
3893 2694 4050 2750 «ποῦ

323 2797 411 2832 τοι
448 2774 697 2848 εὐχωλαί
726 2779 908 2848 (Hom.
948 2774 1198 2850 ἀπειλαὶ)
1236 2782 1531 2850 οἴχονται»
1569 2778 1675 2851 (Ν
1706 2784 1810 2834 219
1840 2778 1981 2881 ΒΨ).
2052 2778 2150 2832 καὶ
2195 2772 2301 2833 ’ὅσα
2338 2776 2403 2833 δὲ
2452 2778 2534 2842 είς
2570 2765 2662 2849 δ-ε“,
2707 2776 2811 2849 τὴν
2850 2778 2931 2842 είς
2966 2775 3168 2850 τόπον,
3216 2781 3411 2835 οἴκαδε
3450 2776 3656 2837 ἅλαδε·
3706 2778 3768 2839 τὸ
3814 2778 3923 2853 γὰρ
3961 2779 4049 2839 έν-

322 2863 475 2922 θάδε
517 2862 692 2923 ὀύδὲν
728 2866 902 2925 πλέον
938 2870 1105 2939 δηλοῖ
1131 2869 1235 2925 τοῦ
1274 2866 1449 2937 ἔνθα,
1490 2864 1554 2924 ἐκ
1590 2868 1931 2937 παραγωγῆς
1969 2865 2099 2937 ἔχον
2136 2863 2199 2922 τὸ
2238 2869 2320 2923 δε.
2394 2863 2604 2937 ὁμοίως
2636 2865 2732 2921 καὶ
2769 2863 2842 2921 τᾶ
2879 2866 2959 2932 είς
2996 2872 3052 2936 ξε
3090 2864 3197 2937 τὴν
3235 2868 3316 2932 είς
3351 2865 3527 2925 τόπον
3565 2872 3752 2942 δηλοῖ,
3790 2867 4047 2941 άθήναζε

324 2953 561 3031 θήβαζε.
636 2951 843 3026 ὁμοίως
887 2956 984 3012 καὶ
1029 2953 1098 3012 τὰ
1148 2955 1228 3021 είς
1274 2975 1361 3023 σε,
1408 2953 1651 3013 πάντοσε
1690 2951 1886 3012 ἄλλοσε
1925 2951 2080 3012 πόσε.
2156 2950 2263 3012 ὅσα
2308 2953 2373 3011 δέ
2420 2954 2563 3010 εἰσιν
2610 2953 2692 3019 είς
2727 2959 2830 3023 θε,
2878 2953 2942 3012 ἐκ
2979 2953 3176 3013 τόπου.
3250 2955 3307 3012 εί
3338 2957 3444 3028 μὲν
3478 2956 3859 3030 παραλήγοιτο
3894 2956 3959 3016 τὸ
3997 2965 4050 3030 ὃ,

325 3053 489 3102 ποιεῖ
525 3044 607 3110 εἰς
651 3050 720 3102 θι
755 3040 859 3116 τὴν
900 3043 964 3102 έν
999 3041 1153 3119 τόπῳ
1191 3043 1376 3117 σχέσιν
1415 3047 1720 3116 δηλοῦντα,
1766 3044 1890 3102 οἷον
1927 3046 2163 3103 οἴκοθεν
2201 3047 2420 3114 οἴκοθι,
2457 3038 2785 3116 οὐρανόθεν
2823 3040 3133 3116 οὐρανόθι,
3181 3041 3481 3103 έκείνοθεν
3519 3042 3804 3118 έκείνοθι,
3850 3047 3948 3103 καὶ
3986 3043 4051 3105 έν

322 3136 577 3205 συγκοπῇ
619 3130 850 3191 ἐκεῖθεν
886 3135 985 3190 καὶ
1021 3130 1226 3191 ἐκεῖθι.
1293 3133 1436 3191 «καὶ
1472 3129 1739 3205 εὐνομίης
1774 3132 1964 3204 ὀλίγον
1998 3137 2167 3190 λίθον
2204 3130 2570 3203 εἰρύσαντες»
2608 3135 2736 3205 (Ap.
2765 3135 2868 3190 nh.
2908 3137 2932 3190 Ι
2960 3141 3095 3203 966,
3131 3135 3230 3192 ubi
3264 3140 3455 3193 tamen
3491 3143 3642 3193 κεῖσε
3682 3136 3780 3193 καὶ
3815 3132 4050 3207 εὐναίης

318 3218 407 3280 όλ.
445 3225 489 3277 λ.
531 3218 880 3287 ἐκλύσαντες.
945 3240 1019 3279 an
1055 3222 1251 3279 Choer.
1289 3224 1516 3294 legebat
1551 3227 1709 3279 κεῖθι
1722 3228 1788 3291 7).
1858 3219 2049 3279 πόθεν
2085 3219 2256 3292 πόθι,
2304 3217 2450 3278 σθεν
2487 3215 2613 3291 οθι,
2660 3217 2915 3293 ἀγχόθεν
2964 3218 3201 3295 άγχόθι,
3250 3221 3504 3281 αὐτόθεν
3552 3221 3788 3294 αὐτόθι,
3839 3224 3937 3279 καὶ
3985 3220 4050 3280 έν

325 3314 580 3382 συγκοπῇ
618 3309 750 3383 ἄγχι
785 3311 883 3367 καὶ
919 3303 1079 3367 αὐθι.
1147 3310 1203 3367 εί
1225 3309 1290 3367 δὲ
1328 3308 1403 3382 μὴ
1445 3308 1564 3382 ἔχοι
1590 3307 1654 3366 τὸ
1694 3329 1752 3381 ο,
1791 3306 1887 3366 διὰ
1924 3311 2025 3366 τοῦ
2066 3330 2119 3366 σι
2155 3316 2318 3366 ποιεῖ
2344 3308 2410 3366 τὸ
2447 3306 2709 3380 τοπικόν,
2754 3306 3023 3381 θήβηθεν
3067 3309 3342 3385 θήβησιν,
3389 3309 3697 3383 άθήνηθεν
3743 3308 4049 3416 άθήνησιν,

328 3399 778 3472 σεσημειωμένου
814 3403 915 3457 τοῦ
957 3396 1178 3470 έγγύθι.
1244 3400 1343 3455 καὶ
1377 3397 1548 3456 πάλιν
1587 3419 1692 3455 οσα
1722 3399 1826 3471 μὲν
1857 3398 1973 3470 ἔχει
2008 3397 2072 3455 τὸ
2107 3405 2160 3470 ’6,
2200 3397 2281 3463 εἰς
2318 3406 2381 3454 σἐ·
2417 3406 2580 3456 ποιεῖ
2607 3395 2709 3469 τὴν
2747 3398 2829 3464 είς
2855 3397 3032 3456 τόπον
3062 3398 3275 3472 σχέσιν,
3311 3397 3554 3458 πάντοσε
3593 3398 3809 3458 ἄλλοσε.
3875 3399 3945 3457 τὰ
3982 3400 4047 3458 δὲ

324 3486 402 3560 μὴ
452 3489 654 3561 ἔχοντα
681 3485 744 3545 τὸ
782 3495 818 3546 ’ὅ
853 3489 934 3553 είς
962 3478 1019 3558 ξε
1058 3496 1221 3546 ποιεῖ
1246 3486 1350 3560 τὴν
1388 3488 1469 3553 είς
1504 3486 1680 3546 τόπον
1718 3487 1932 3560 σχέσιν,
1969 3484 2226 3558 άθήναζε
2262 3483 2502 3560 θήβαζε.
2572 3483 2774 3544 Ἰστέον
2810 3508 2902 3545 οτι
2936 3488 3035 3544 καὶ
3079 3486 3150 3545 τὰ
3189 3489 3272 3555 είς
3305 3496 3421 3548 θεν
3456 3486 3612 3561 παρὰ
3639 3488 3919 3562 πρόθεσιν
3946 3487 4051 3554 τὰς

324 3586 474 3647 τρεῖς
515 3579 729 3649 σχέσεις
764 3582 949 3649 δηλοῖ,
988 3577 1111 3636 οἷον
1138 3577 1416 3649 πρόσθεν,
1459 3573 1743 3648 ὕπερθεν,
1782 3577 1865 3642 είς
1901 3576 1965 3634 τὸ
2000 3573 2284 3648 ὕπερθεν,
2324 3572 2388 3631 ἐν
2427 3577 2502 3650 τῷ
2541 3569 2814 3646 υπερθεν.
2874 3572 2936 3634 έν
2974 3576 3058 3641 οἷς
3093 3575 3155 3634 τὸ
3198 3576 3371 3634 ἔνθεν
3409 3577 3589 3650 μόνην
3625 3576 3728 3652 τὴν
3769 3574 3831 3635 ἐκ
3868 3576 4048 3635 τόπου

328 3670 514 3771 δηλοῖ,
557 3663 751 3737 ἐπειδὴ
791 3662 857 3723 τὸ
897 3666 1044 3724 ἔνθα
1090 3669 1233 3738 (cod.
1274 3667 1496 3737 ἔνθεν),
1533 3687 1676 3735 οπερ
1712 3664 1815 3730 τὰς
1850 3664 1957 3723 δύο
1996 3665 2210 3738 σχέσεις
2246 3660 2472 3735 έδήλου,
2509 3660 2707 3729 καθως
2740 3661 2851 3736 ἤδη
2893 3663 3216 3738 εἰρήκαμεν.
3275 3664 3442 3722 καὶ”
3409 3687 3496 3724 οτι
3532 3665 3603 3724 τὰ
3641 3665 3784 3725 αλλα
3821 3666 3903 3732 είς
3935 3671 4050 3723 θεν

326 3754 430 3825 τὴν
477 3754 542 3812 έκ
587 3753 765 3812 τόπου
802 3754 989 3827 σχέσιν
1027 3759 1212 3825 δηλοῖ,
1259 3751 1405 3813 σθεν
1450 3756 1547 3812 καὶ
1582 3754 1646 3812 τὸ
1686 3753 1949 3825 «Ἴδηθεν
1993 3755 2257 3826 μεδέων»
2295 3755 2392 3827 (Γ
2422 3754 2569 3827 276)
2616 3754 2713 3811 καὶ
2758 3751 2828 3810 τὰ
2873 3774 3043 3827 ομοια
3082 3752 3146 3812 ἐν
3191 3753 3466 3829 ὀνόμασίν
3516 3757 3657 3814 εἰσιν
3707 3754 3770 3814 ἐν
3806 3756 4049 3831 περισσῷ

326 3843 532 3915 ἔχοντα
567 3842 670 3915 τὴν
705 3850 833 3902 θεν.
907 3845 1004 3901 καὶ
1049 3866 1137 3902 οτι
1183 3841 1247 3901 τὸ
1287 3841 1456 3916 έγγύς
1491 3842 1596 3915 τὴν
1635 3842 1699 3902 ἐν
1734 3842 1889 3919 τόπῳ
1927 3842 2114 3914 σχέσιν
2153 3846 2338 3914 δηλοῖ,
2376 3839 2589 3914 «ἔγγὺς
2625 3839 2815 3914 ἀνήρ»
2852 3844 2949 3915 (Ξ
2987 3844 3147 3917 110).
3221 3847 3317 3901 καὶ
3363 3866 3452 3902 οτι
3487 3842 3550 3902 τό
3599 3848 3771 3917 δεῦρο
3810 3845 3907 3901 καὶ
3943 3843 4049 3916 τὴν

330 3929 396 3989 έν
431 3931 611 4009 τόπῳ,
650 3937 967 3991 «πωλεῖταί
997 3955 1081 3998 τις
1116 3935 1330 4005 δεῦρο»
1368 3935 1446 4006 <δ
1475 3936 1646 4007 384),
1685 3935 1781 3989 καὶ
1819 3930 1923 4003 τὴν
1962 3931 2042 3997 είς
2080 3929 2256 3988 τόπον
2294 3927 2498 4000 (δεῦρ’
2532 3927 2680 4003 ἔλθ’,
2718 3926 2871 3997 ὅπως
2907 3927 2983 3988 ἃν
3020 3935 3117 3988 καὶ
3154 3931 3473 4005 σοφῶτερος
3507 3933 3689 4007 γένῃ»
3728 3936 3898 4005 (Eur.
3928 3936 4050 3993 Alc.

330 4023 491 4097 779).
564 4020 626 4078 τὸ
665 4021 729 4078 δὲ
768 4020 908 4079 ἄνευ
947 4019 1227 4094 ἄνευθεν,
1265 4023 1363 4079 καὶ
1398 4021 1460 4078 τό
1499 4018 1635 4092 ἄτερ
1670 4018 1945 4093 ἄτερθεν,
1982 4019 2179 4092 νόσφι,
2219 4023 2408 4092 χωρίς,
2447 4022 2725 4092 χωρισμοῦ
2766 4021 2874 4078 είσι
2909 4023 3007 4078 καὶ
3045 4018 3112 4079 οὐ
3151 4020 3357 4079 τοπικά
3397 4019 3767 4093 ἐπιρρήματα.

646 4116 701 4178 2)
737 4112 892 4169 adda
949 4108 1082 4168 «Τά
1120 4111 1183 4168 δὲ
1224 4108 1394 4184 εὐχῆς
1431 4107 1804 4183 σημαντικά».
1879 4105 1959 4166 δι’
2000 4106 2187 4166 αὐτῶν
2232 4107 2338 4181 γὰρ
2387 4107 2652 4175 εὐκτικόις
2698 4107 2990 4179 συντάξεις
3037 4115 3409 4184 σημαίνομεν,
3448 4107 3614 4167 «εἴθ’
3655 4106 3730 4176 ῶς
3765 4108 4049 4188 ἡβώοιμι»

327 4199 433 4271 <H
470 4202 634 4273 167>·
674 4196 739 4256 τὸ
777 4197 887 4270 γὰρ
926 4201 1060 4256 αἴθε
1100 4203 1228 4257 εῖθε
1268 4202 1441 4271 φησὶν
1479 4199 1510 4256 ὁ
1547 4199 1796 4270 ποιητής.
1852 4199 1950 4255 καὶ
1986 4202 2339 4272 Καλλίμαχος
2376 4195 2625 4273 «άβάλλε
2664 4197 2800 4272 μηδ’
2831 4196 3164 4270 ἀβόλησαν»
3202 4202 3388 4272 (frgm.
3417 4208 3521 4257 466
3551 4201 3756 4271 seha).
3808 4198 3942 4258 ((Τά
3982 4201 4048 4259 δὲ

327 4286 693 4359 θαυμαστικά
707 4307 756 4345 ».
829 4285 1003 4360 ἡνίκα
1039 4286 1145 4360 γὰρ
1181 4286 1554 4361 θαυμάζομεν
1598 4286 1781 4362 τούτῳ
1826 4286 2095 4361 χρώμεθα
2140 4290 2216 4365 τῷ
2266 4288 2573 4361 φθέγματι.
2649 4286 2784 4346 «Tea
2822 4289 2887 4346 δὲ
2934 4286 3221 4359 ἀρνήσεως
3265 4283 3300 4359 ἢ
3340 4285 3709 4360 άποφάσεως,
3758 4290 3882 4346 οἷον
3918 4287 4054 4362 οὐχί

328 4374 398 4434 οὐ
437 4378 582 4447 δῆτα
619 4374 944 4450 οὐδαμῶς».
1012 4374 1300 4450 ἀρνήσεως
1336 4381 1515 4436 ταῦτα
1550 4379 1808 4451 λέγονται
1846 4376 1923 4445 ῶς
1959 4374 2305 4450 ἐγκλήματος
2352 4373 2797 4449 ἐπιφερομένου·
2853 4375 2937 4434 δι’
2977 4372 3171 4434 αὐτῶν
3207 4398 3290 4441 τις
3326 4372 3611 4449 άρνεῖται,
3650 4378 3772 4436 οἷον
3809 4375 3943 4451 οὐχί
3975 4377 4044 4436 οὐ

327 4467 475 4536 δῆτα
513 4462 802 4538 οὐδαμῶς,
842 4466 964 4523 οἷον
1002 4462 1108 4523 οὐκ
1138 4465 1353 4537 ἔτυψας
1384 4464 1755 4539 Ἀρίσταρχον,
1794 4463 1862 4525 οὐ
1897 4469 2089 4523 Δίωνα
2126 4461 2386 4541 ὕβρισας,
2424 4462 2493 4522 οὐ
2523 4466 2670 4536 δῆτα
2697 4461 2963 4538 οὐδαμῶς
2990 4461 3135 4537 οὐχί.
3193 4463 3260 4522 τὰ
3288 4464 3353 4522 δὲ
3383 4462 3531 4523 αὐτὰ
3560 4467 3659 4523 καὶ
3685 4462 4051 4539 ἀποφάσεως,

327 4576 415 4613 οτι
453 4552 532 4611 δι’
572 4551 762 4610 αὐτῶν
798 4575 882 4620 τις
917 4551 1304 4627 ἀποφαίνεται
1341 4553 1416 4628 μὴ
1455 4564 1672 4628 ποιεῖν,
1710 4556 1833 4614 οἷον
1870 4553 1939 4613 οὐ
1978 4552 2205 4627 γράψω,
2243 4550 2370 4625 οὐχὶ
2407 4551 2639 4626 γράψω,
2678 4550 2746 4611 οὐ
2787 4555 2933 4624 δῆτα
2968 4552 3211 4624 ποιήσω,
3250 4550 3517 4627 οὐδαμῶς
3551 4551 3888 4629 ἀρνήσομαι.
3952 4557 4049 4612 καὶ

328 4641 433 4715 χρὴ
473 4642 687 4700 εἰδέναι
728 4663 816 4700 οτι
852 4645 1034 4700 ταῦτα
1070 4642 1140 4701 τὰ
1177 4645 1307 4749 περὶ
1342 4641 1631 4717 ἀρνήσεως
1667 4642 1703 4717 ἢ
1739 4643 2085 4716 α’ποφάσεως
2124 4641 2478 4716 ἐπιρρήματα
2516 4641 2817 4716 ὄριστικοῖς
2845 4642 3227 4701 συντάσσεται.
3295 4640 3429 4701 «Tea
3469 4643 3534 4701 δὲ
3564 4644 4050 4739 συγκαταθέσεως

326 4730 454 4788 οἷον
481 4736 583 4787 ναί
604 4734 817 4804 ναίχι»
875 4729 955 4789 δι’
987 4730 1177 4790 αὐτῶν
1214 4731 1321 4806 γὰρ
1358 4734 1898 4806 συγκατατιθέμεθα
1924 4734 2024 4790 καὶ
2052 4731 2405 4839 έπινευομεν.
2445 4732 2580 4791 «Τά
2609 4731 2672 4790 δὲ
2706 4730 3167 4804 α’παγορεύσεως,
3204 4732 3327 4790 οἷον
3354 4729 3431 4804 μή
3469 4732 3545 4805 μὴ
3577 4736 3781 4806 δῆτα».
3832 4729 3916 4790 δι’
3946 4730 4049 4794 αὐ

326 4824 441 4880 τῶν
486 4819 592 4894 γὰρ
638 4816 1073 4894 άπαγορεύομεν
1117 4820 1181 4880 τὸ
1230 4820 1305 4896 μὴ
1353 4821 1483 4880 τόδε
1530 4819 1566 4895 ἢ
1614 4820 1745 4881 τόδε
1793 4831 1997 4881 ποιεῖν.
2070 4823 2165 4879 καὶ
2204 4821 2306 4894 χρὴ
2355 4818 2646 4880 είδέναι”
2612 4844 2700 4879 οτι
2747 4824 2928 4879 ταῦτα
2974 4818 3044 4877 τὰ
3083 4824 3183 4894 τῆς
3219 4817 3656 4893 άπαγορεύσεως
3694 4819 4046 4894 έπιρρήματα

327 4917 757 4983 προστακτικσῖς
793 4909 1186 4980 συντάσσεται,
1233 4913 1332 4969 καὶ
1376 4934 1463 4970 οτι
1508 4911 1771 4983 διαφέρει
1817 4908 2050 4983 ἄρνησις
2093 4909 2528 4983 ἀπαγορεύσεως
2563 4913 2726 4983 τῇδε,
2772 4932 2858 4967 οτι
2893 4906 2930 4981 ἡ
2969 4911 3073 4983 μὲν
3118 4908 3349 4983 άρνησις
3398 4907 3741 4983 ἐγκλήματος
3779 4907 4052 4980 έπιφερο·

324 5002 506 5073 μένου
542 4998 791 5073 λέγεται,
838 4997 874 5073 ὴ
922 4999 985 5057 δὲ
1033 4996 1413 5073 ἀπαγόρευσις
1449 4997 1741 5072 ἀποτροπή
1792 4997 1906 5057 ἐστι
1944 4997 2270 5073 πράγματός
2304 5022 2473 5065 τινος.
2548 4998 2679 5058 «Tac
2726 5000 2788 5057 δὲ
2840 5002 3162 5076 παραβολῆς
3207 4997 3241 5072 ἢ
3282 4997 3599 5072 ὁμοιώσεως
3614 5018 3661 5057 ».
3735 4995 3816 5055 δι’
3857 4994 4049 5055 αὐτῶν

327 5088 437 5160 γὰρ
473 5086 906 5164 παραβάλλομεν
943 5090 1018 5167 τῷ
1048 5086 1225 5165 ὁμοίῳ
1253 5088 1316 5146 τὸ
1345 5086 1568 5162 ὅμοιον,
1608 5087 1787 5161 «ἠύτε
1815 5091 1930 5160 πῦρ
1957 5085 2237 5160 ἀΐδηλον»
2276 5088 2361 5163 <B
2390 5090 2563 5163 466),
2601 5085 2780 5160 «ἠύτε
2814 5088 2993 5147 ἔθνεα
3031 5090 3174 5161 (cod.
3212 5090 3389 5160 θῆρα)
3429 5086 3582 5145 εἶσι»
3620 5089 3705 5162 <Β
3743 5088 3870 5162 87).
3943 5088 4046 5160 χρὴ

322 5179 395 5235 δὲ
436 5177 680 5250 εἰδέναι,
719 5173 804 5235 ὅτι
841 5175 910 5235 τὰ
948 5179 1052 5251 μέν
1093 5175 1209 5235 έστι
1244 5177 1535 5250 ποιητικά,
1571 5176 1641 5235 τὰ
1681 5178 1744 5235 δὲ
1783 5180 1977 5249 κοινῆς
2013 5178 2326 5236 διαλέκτου.

3551 5285 3626 5339 2*
